1999 2998
510 99 540 140 ld

64 238 91 266 eo
110 217 306 274 Constantinopolin
324 213 488 272 apocrisiarius
506 214 551 256 sive
575 215 715 271 responsalis
733 212 753 273 ²)
778 216 805 258 ad
826 218 980 275 imperatorem

66 306 142 346 missus
156 309 208 355 est„
224 296 319 351 Pelagius
334 293 392 336 enim
409 294 542 351 Gregorium
560 296 588 338 ad
606 309 640 337 res
660 298 765 351 gerendas
784 298 917 355 aptissimum
934 316 980 345 esse

67 385 134 441 probe
152 382 293 438 perspexerat.
330 374 369 417 lllo
390 389 481 419 munere
500 375 592 433 fungens
612 377 635 418 in
651 376 766 421 schismate
788 380 933 437 extinguendo
952 384 984 425 ob·

67 467 104 507 tria
122 457 211 515 capitula
226 455 332 509 excitato,
353 455 437 500 haeresi
459 458 574 515 Eutychii,
593 457 727 516 patriarchae
743 457 979 519 Constantinopolitani,

65 545 91 586 de
104 537 233 598 impalpabili
246 544 369 581 sanctorum
386 547 434 597 post
448 538 627 583 resurrectionem
641 552 738 596 corpore,
757 541 903 597 opprimenda,
920 545 984 586 aliis-1

66 637 108 681 que
125 619 212 677 negotiis
232 624 344 661 strenuam
361 634 448 677 operam
469 628 491 665 et
512 621 607 664 studium
628 620 754 664 collocabat.
785 622 818 664 eo
837 625 900 666 etiam
921 632 979 667 tem*

65 717 131 763 pore,·
146 686 376 754 tonanteLeandro,
397 702 497 758 episcopo
514 702 636 758 Hispalensi
655 703 800 756 meritissimo,
820 704 979 762 Visigotliorum

63 785 117 842 regis
133 782 191 840 apud
206 772 360 840 imperatorem
375 783 452 839 legato,
473 782 540 825 libros
554 784 668 827 Moralium
685 784 815 842 conscripsit.

494 904 512 963 t.
529 909 550 953 a.

121 1008 215 1050 Romam
229 1018 329 1048 reversus
341 1004 363 1046 in
375 1006 527 1049 rnouasterium
540 1020 601 1048 suum
616 1020 639 1048 se
656 1006 727 1047 denuo
742 1006 830 1061 recepit,
847 1006 978 1062 eiquecirca

63 1099 142 1132 annum
158 1089 209 1131 585.
225 1085 291 1128 abbas
307 1085 430 1143 praefectus
448 1092 486 1128 est.
518 1087 605 1142 Pelagio
622 1088 647 1129 ll.
665 1093 724 1143 peste
742 1093 840 1143 peremto
859 1086 977 1143 Gregorius

62 1170 163 1212 successit
180 1181 236 1210 anno
257 1163 321 1223 590„
346 1172 410 1224 atque
432 1181 472 1224 per
492 1166 640 1225 pontificatum
662 1168 718 1211 intra
737 1181 854 1225 paucorum
872 1182 977 1211 annorum

63 1276 219 1288 ...au——

87 1329 109 1377 a)
129 1322 269 1379 Apocrisictrit'
284 1319 465 1376 (a’arortpzezdpzoz)
486 1329 524 1366 sive
543 1326 670 1381 responsales
690 1329 768 1366 Romani
790 1335 840 1367 erant
861 1332 976 1379 negotiorum

126 1403 219 1434 curatores
237 1395 278 1444 (des
296 1396 370 1443 charges
383 1398 481 1444 d’affaires,
507 1400 611 1448 p'aipstliclre
623 1400 796 1448 Bevollmiiehtigte)
809 1413 819 1436 a
834 1402 950 1448 pontificibus
966 1415 976 1438 e

125 1467 175 1504 clero
188 1465 242 1501 electi
255 1471 273 1501 ct
284 1463 307 1501 ad
321 1465 392 1512 aulam,
413 1468 461 1514 sire,
477 1471 502 1508 ¹ut'
511 1468 599 1517 loquendi
612 1470 673 1521 (modo
685 1471 775 1518 Gregorio
787 1469 873 1508 familiari
886 1480 932 1517 utar,
948 1471 978 1509 ccl

125 1532 216 1585 vestigia
228 1532 357 1571 dominorum
370 1537 426 1573 missi.
452 1538 608 1583 „Dilectissimum
624 1540 684 1578 filiurn
701 1553 762 1577 meum
780 1540 899 1578 Sabinianum
913 1542 976 1578 diaco-

128 1606 184 1641 num“
195 1604 268 1653 scripsit
280 1605 346 1647 loanni
359 1606 445 1654 episcopo
459 1608 661 1658 Constantinopolitano
675 1612 716 1649 Lib.
726 1612 757 1647 lll.
773 1610 825 1658 epist.
838 1611 868 1648 53.
883 1624 930 1662 „pro
942 1623 976 1649 re-

128 1671 208 1725 sponsis
221 1671 365 1733 ecelesiasticis
373 1672 482 1726 faciendis
498 1676 527 1716 od
538 1677 667 1719 dominorum
682 1678 774 1732 vestigia
790 1682 898 1717 transmisi.“
923 1681 976 1717 Cant.

124 1745 157 1781 lib.
166 1744 206 1781 Vll.
215 1745 266 1793 epist.
275 1746 306 1782 31.
332 1747 353 1782 ln
361 1747 429 1793 palatio
438 1747 528 1795 imperiali
537 1751 556 1786 hi
565 1752 678 1798 responsales
686 1752 797 1789 habitabant.
823 1752 939 1800 Responsalls
947 1753 975 1789 sui

123 1817 222 1854 absentiam
232 1830 324 1863 excusans,
334 1817 406 1854 Pliccae
418 1818 530 1865 imperatori,
540 1820 571 1867 qni
580 1820 671 1856 Mauricio
680 1818 776 1857 interfecto
784 1833 798 1856 a.
808 1820 851 1857 601.
859 1827 975 1875 successerat,

125 1892 198 1945 scripsit
206 1892 314 1938 Gregoriusz
326 1890 393 1937 „Quod
405 1901 526 1940 persuasere
539 1888 561 1927 in
570 1888 660 1942 patacio,
672 1888 736 1939 juxto
747 1889 856 1940 antiquom
864 1874 977 1928 'constratu-¹

126 1957 205 2005 clinem,
218 1960 328 2008 apostolicae
341 1960 388 1996 sedis
402 1960 498 1995 diaconum
511 1965 570 1996 vestra
583 1962 675 1997 serenitas
688 1972 725 1995 non
738 1960 814 2005 invenit,
826 1974 864 1998 non
877 1962 913 1998 hoc
925 1975 975 1999 meae

124 2030 255 2079 negligentiae,
277 2030 309 2065 sed
322 2030 436 2076 pravissimae
449 2029 560 2066 necessitatis
573 2028 617 2076 fuit3
640 2030 682 2077 quia
695 2030 738 2065 dnm
753 2030 831 2065 ministri
845 2044 908 2068 omnes
921 2033 974 2081 hujus

123 2108 197 2139 nostrae
214 2100 301 2136 ecclesiae
317 2106 352 2136 tam
372 2101 449 2136 contrita
466 2110 565 2148 asperaque
585 2105 667 2147 tempora
684 2112 725 2134 cum
743 2098 840 2135 formidine
856 2102 974 2147 declinarent,

111 2180 180 2221 atque
193 2170 303 2220 refugerent,
317 2171 363 2207 nulli
378 2183 441 2207 eorum
454 2175 526 2219 poterat
538 2170 621 2218 imponi,
634 2175 653 2206 ut
666 2170 687 2206 ad
701 2171 764 2206 nrbcm
777 2171 843 2217 regiam
858 2169 879 2208 in
892 2170 973 2223 palatio

119 2253 270 2295 pernzonsurtas
283 2242 382 2279 accederet.
409 2241 445 2279 Sed
458 2248 554 2291 postquam
567 2247 645 2278 vestram
659 2241 786 2285 Clementiam,
800 2242 930 2290 omnipotentis
937 2245 973 2280 Dei

122 2315 180 2363 gratia
193 2314 313 2360 disponente,
326 2313 347 2348 ad
362 2313 435 2349 culmen
448 2313 521 2359 imperii
534 2312 639 2359 peruenisse
652 2316 785 2357 cognorerunt,
798 2310 833 2357 ipsi
847 2324 918 2360 qnoque
931 2326 973 2350 sua-

123 2385 178 2421 dente
191 2383 260 2419 lactitia
273 2379 301 2419 ad
313 2386 380 2418 restra
397 2378 487 2431 vestigia
505 2378 575 2416 venire
592 2378 687 2424 festinant,
712 2380 742 2426 qui
760 2380 809 2427 prins
826 2381 870 2419 illuc
887 2383 973 2418 accedere

122 2455 172 2491 valde
182 2453 301 2490 timuerunt.“
309 2452 350 2488 Lib.
359 2452 411 2488 Xlll.
423 2463 450 2498 ep.
460 2452 519 2487 filb-
530 2450 576 2486 Cum
585 2449 613 2486 his
620 2450 754 2498 responsalibus
764 2451 776 2486 i.
785 2464 799 2487 c.
807 2451 870 2499 legatis
880 2451 973 2494 Romanis,

130 2526 158 2567 qui
167 2538 210 2571 qnae
217 2525 288 2560 Romae
297 2523 396 2569 agebantur
404 2521 426 2557 ad
433 2521 561 2569 imperatorem
569 2520 678 2566 referebant,
683 2521 904 2565 non-sinit1confundendi
913 2512 973 2556 nuntii

127 2602 158 2625 scu
167 2604 249 2638 cursores,
262 2593 348 2642 epistolas
357 2593 436 2630 ferentes
445 2579 463 2629 et
472 2591 576 2637 relerentes,
589 2593 620 2639 qni
630 2592 684 2627 etiam
693 2576 819 2641 responsales
827 2592 972 2627 nominabantur.

127 2661 196 2696 Eorum
214 2673 282 2708 quoque
301 2664 321 2700 in
339 2665 421 2712 epistolis
435 2664 520 2709 Gregorii
536 2675 588 2711 saepe
601 2662 671 2699 mentio
684 2662 704 2698 lit
721 2674 735 2696 e.
751 2673 766 2708 g.
785 2661 824 2697 Lib.
838 2662 851 2713 l.
878 2662 928 2710 epist.
942 2663 970 2699 llll.
998 2711 999 2717 1

124 2729 166 2765 Lib.
178 2729 199 2766 ll.
218 2729 266 2775 epist.
280 2734 307 2780 (ιγ.
321 2737 349 2772 52.
367 2736 409 2773 Lib.
423 2736 445 2774 V.
463 2735 515 2782 epist.
529 2734 546 2771 5.
561 2733 603 2771 Lib.
617 2733 670 2771 XlV.
692 2732 743 2780 epist.
757 2742 773 2779 9.
