1999 2998
421 117 548 184 ...th

21 235 146 280 sustinemus
163 244 235 281 eutem
257 237 275 280 si
296 236 345 295 quis
361 251 388 280 ex
408 236 533 282 definitione
551 236 614 291 fidei,
645 250 701 295 quoe
721 228 844 279 incudem
866 235 949 290 synodo
968 287 970 290 y

20 317 102 376 prolnta
117 325 156 371 est,
171 319 251 377 aliquid
267 320 398 363 imminuere
414 321 538 376 proesumit,
555 319 589 362 vel
606 321 664 375 quusi
684 318 814 375 corrigendo
834 317 880 373 ejus
896 331 949 359 sen·

20 413 66 442 snm
85 408 179 456 mutare3
200 401 238 444 sed
253 403 308 445 sicut
324 401 365 444 illis
383 401 466 457 prolata
482 407 525 453 est,
548 412 587 456 per
605 401 675 442 omnia
691 401 845 461 custodimus.“
883 395 948 441 Conf.

19 482 56 526 lib.
72 483 109 527 IV·
126 497 138 524 e
154 483 185 526 isi·
203 485 224 525 4.

89 567 110 607 4.
134 498 188 607 Ilien]
204 561 242 604 lib.
258 561 286 605 V.
302 562 391 620 epistole
409 564 445 605 51.
463 562 529 604 Petro
545 559 703 616 etPrudentio,
719 563 824 621 episcopis
841 552 947 615 Histriae,

20 644 69 689 deta
87 651 179 702 quotuor
194 643 333 687 conciliorum
349 646 481 688 mentionem
497 641 556 686 facit.

87 725 140 780 „iiia
155 739 210 782 quae
226 727 371 770 sanctissimae
391 734 484 784 quatuor
499 722 577 781 synodi
594 731 713 779 sapuerunt
728 730 791 780 atque
806 722 946 776 definierunt,

18 807 80 849 sicuti
105 807 258 861 praedecessor
277 813 349 849 noster
366 808 510 849 sanctissimus
532 807 580 849 Leo
600 820 670 862 pepe,
692 806 721 848 ita
743 814 765 850 et
785 821 822 849 nos
840 807 943 862 sapimus,

19 874 136 942 sequimur,
152 900 177 927 eo
192 892 297 940 tenemus,
314 902 354 930 nec
369 889 395 930 nb
411 902 485 931 eorum
502 887 545 931 fide
559 888 631 944 aliquo
646 887 710 929 modo
724 888 880 930 dissentimus.“

87 964 232 1011 conferentur
248 983 303 1025 quae
318 972 408 1027 epistola
425 985 445 1013 2.
460 971 497 1013 lib.
517 970 551 1014 VI.
569 969 638 1012 effert.
657 969 694 1022 „Si
711 970 758 1025 quis
775 976 848 1012 contra
863 970 943 1012 harum

18 1055 108 1104 quatuor
127 1050 258 1104 synodorum
278 1050 344 1095 fidem
364 1058 387 1095 et
406 1059 480 1095 contre
495 1058 581 1096 sanciae
598 1051 715 1094 memoriae
729 1035 810 1094 Leonis
825 1065 894 1108 popae
910 1056 944 1091 to·

18 1144 77 1172 mum
94 1136 159 1186 utque
177 1131 323 1176 definitionem
336 1135 417 1191 aliquid
435 1149 537 1192 umquam
552 1134 610 1191 loqui
626 1133 751 1191 praesumit,
768 1132 884 1175 anathema
894 1129 945 1172 sit.“

20 1211 82 1254 Tomi
107 1225 159 1254 voce
179 1214 269 1270 epistola
290 1218 327 1258 24.
353 1216 389 1258 ilia
410 1218 531 1272 dogmatica
552 1216 634 1259 Leonis
653 1214 685 1257 Μ.
706 1215 735 1256 ad
754 1214 882 1256 Flavianum
904 1225 945 1267 pa-

16 1293 131 1336 triercham
148 1294 414 1354 'Constantinopolitanum
434 1304 457 1341 ct
484 1287 608 1342 universnm
632 1296 746 1339 concilium
767 1294 945 1338 Chalcedonense

17 1375 80 1417 misse
97 1375 236 1432 intelligenda
257 1387 296 1422 est.
341 1381 424 1422 Tomos
447 1380 504 1421 enim
526 1379 628 1421 volumen
650 1384 687 1420 ent
710 1378 805 1419 codicem
830 1373 942 1430 significat,

16 1458 181 1512 accingentem
196 1460 278 1514 solum,
295 1460 333 1503 sed
348 1468 370 1504 et
384 1462 492 1503 modicum
510 1460 619 1514 libellum,
636 1459 797 1516 epistolamque.

83 1541 103 1581 5.
127 1540 248 1583 Memorato
266 1542 359 1598 denique
380 1535 504 1597 dignissima
517 1548 578 1590 sunt,
601 1554 657 1596 qnae
674 1539 794 1594 Gregorius
811 1538 838 1578 de
855 1534 943 1577 Christo

15 1619 75 1662 reiut
94 1617 236 1663 fundamento
255 1620 306 1663 fidei
326 1620 420 1665 affirmat
441 1624 463 1664 in
484 1622 574 1678 epistola
592 1621 629 1675 49.
645 1620 683 1662 lib.
699 1620 737 1662 lx.
756 1620 784 1660 ad
800 1617 943 1668 Anastasium,

16 1700 139 1762 episcopum
149 1700 315 1756 Antiochennm,
333 1705 367 1745 eni
382 1711 464 1746 rectem
481 1703 531 1746 fidei
545 1701 708 1760 professionem,
726 1715 790 1757 quarn
805 1700 941 1751 exhibuerat,

15 1780 140 1835 gratuletur.
810 1766 813 1770 ⁸

86 1861 236 1914 „Praedicator
257 1862 356 1917 egregius
376 1861 427 1902 dicit
443 1861 475 1914 (ι,
493 1862 541 1904 Cor.
559 1863 580 1915 5,
597 1858 649 1922 in).
688 1860 863 1904 Fundamentum
881 1858 940 1899 eliud

15 1954 80 1983 nemo
98 1949 168 1998 potest
188 1957 268 1999 ponere
288 1951 375 2000 praeter
398 1943 420 1984 id
442 1944 499 1998 quod
520 1943 612 1999 positum
632 1948 675 1996 est,
706 1942 764 1997 quod
789 1948 821 1984 est
843 1940 942 1982 Christus

15 2022 82 2064 Jesns.
120 2024 222 2081 Quisquis
243 2036 294 2080 ergo
314 2038 363 2086 cnm
384 2023 499 2065 dilectione
521 2023 565 2066 Dei
585 2030 607 2066 et
627 2023 732 2080 proximi,
758 2022 819 2076 fidei,
843 2036 898 2078 quae
919 2021 940 2061 in

15 2101 100 2144 Christo
123 2111 166 2154 est,
190 2105 313 2147 firmitatem
333 2112 403 2158 tenet,
431 2105 524 2150 eundem
538 2106 610 2147 Jesum
628 2105 737 2149 Christum
752 2104 794 2147 Dei
810 2111 832 2147 et
848 2102 940 2145 hominis

14 2182 81 2224 filium
103 2184 161 2239 apud
184 2198 206 2225 se
229 2186 301 2240 posuit
323 2184 496 2227 fundamentum.
538 2188 674 2242 Sperendum
700 2199 751 2241 ergo
774 2193 806 2228 est
825 2185 882 2241 quod
901 2182 937 2223 ubi

14 2264 109 2306 Christus
127 2263 291 2307 fundamentum
307 2273 346 2318 est,
362 2266 467 2307 bonorum
486 2280 572 2323 quoque
587 2280 677 2323 operum
692 2273 795 2322 sequetur
810 2264 937 2307 aedificium.

13 2348 60 2403 lpse
74 2361 158 2401 qnoque
174 2361 214 2402 per
224 2362 248 2388 se
259 2346 344 2390 Veritas
359 2347 410 2390 dicit
425 2347 494 2405 (Joon.
508 2362 543 2400 10,
559 2349 601 2403 2.):
623 2351 668 2405 Qui
679 2365 721 2393 non
735 2352 798 2392 intret
811 2361 847 2404 per
858 2347 937 2387 ostium
991 2365 993 2370 .

13 2429 35 2469 in
50 2427 105 2470 ovile
122 2428 201 2479 ovium,
217 2429 254 2468 sed
269 2430 367 2470 escendit
383 2429 477 2481 aliunde,
494 2430 530 2472 ille
545 2429 581 2472 fur
598 2437 666 2476 estet
681 2432 792 2488 numqui
808 2435 880 2470 eutem
897 2441 938 2483 per

12 2510 88 2551 ostium
106 2509 180 2556 intrat,
198 2515 270 2563 postor
287 2515 319 2550 est
336 2509 414 2551 orium.
447 2512 499 2565 ,Qui
516 2513 589 2568 paullo
604 2521 652 2570 post
666 2514 760 2568 subjicit,
784 2511 867 2550 dicens:
889 2509 938 2566 Ego

11 2603 57 2631 sum
76 2582 159 2633 ostium.
192 2590 229 2632 iile
244 2604 295 2645 ergo
313 2591 340 2632 ad
358 2591 412 2633 ovile
427 2592 500 2633 orium
517 2593 582 2636 intrat
598 2609 637 2651 per
652 2595 740 2644 ostium,
763 2591 799 2648 tini
814 2592 882 2634 intrat
900 2607 939 2647 per

11 2670 127 2712 Christum.
160 2672 197 2714 liic
215 2679 287 2714 autem
302 2686 341 2727 per
358 2672 466 2713 Christtnn
482 2673 613 2727 ingreditur,
640 2676 675 2728 qui
693 2675 720 2715 de
738 2675 816 2715 eodem
834 2668 939 2716 creatore

10 2766 34 2794 ac
55 2752 188 2795 Redemtore
209 2753 298 2795 hnmani
317 2754 402 2809 generis
424 2766 475 2797 vern
496 2756 561 2798 sentit
584 2762 605 2798 et
622 2755 746 2814 praedicet,
775 2763 798 2800 et
815 2758 936 2814 praedicato
