1999 2998
26 194 226 239 biblicttnsmtam
244 194 391 239 illustrandam
411 195 521 253 eujusdam
543 191 646 237 momenti
662 198 724 246 sunt,
758 191 786 234 ad
804 196 895 233 aetatem
910 205 951 233 no-

25 284 91 322 stram
108 271 272 337 pervenerunt
292 271 362 340 Typis
380 278 480 334 descripti
495 284 545 320 sunt
563 276 584 318 in
601 274 732 319 bibliotheca
746 275 836 317 Petrum
855 272 952 314 Parisino

25 360 53 403 T,
66 362 81 404 1.
100 377 120 418 p.
137 375 146 402 1
163 374 221 417 seqq.
239 366 261 403 et
280 361 302 404 in
320 360 429 403 Gallandii
446 359 577 402 bibliotheca
597 357 639 399 PP.
659 357 686 399 T.
698 357 746 400 Xll.
782 354 883 410 Inscripti
901 360 951 395 sunt

24 442 136 495 Primasio‚
153 442 253 499 episcopo
270 440 379 492 Africano,
394 447 509 494 aratequam
526 437 624 489 tunitius,
645 438 662 479 si
676 440 762 495 quidem
778 437 893 494 episcopus
908 448 952 476 un-

24 537 88 580 quam
99 522 172 576 fucrit,
189 523 217 564 ad
235 503 520 578 episcopalemdignitatem
535 518 669 562 eveheretur.
697 519 722 561 In
739 517 830 576 epistola
845 518 901 559 enim
915 517 954 572 his

23 604 82 648 libris
100 601 197 661 praelixa
214 602 343 645 Primasium
359 607 453 659 pratrern
472 600 589 658 appellaty
609 605 631 642 et
643 599 750 643 Primasii
770 601 949 657 coepiscoporum

22 685 156 729 mentionem
178 681 248 738 lacits
267 682 377 740 seipsum
396 682 488 725 hicnon
505 682 655 725 adnumerans.
675 703 704 713 -
732 682 756 723 In
773 682 829 724 libro
843 680 948 732 seeundo,

22 766 60 823 qui
79 778 153 807 sacrae
170 765 289 821 scripturae
307 765 409 819 dogmata
426 763 533 817 continet,
554 763 581 805 de
597 762 690 805 hominis
705 762 823 816 voluntate,
847 777 894 820 cap.
912 774 947 803 12.
969 804 971 809 ,

23 846 78 888 haee
94 843 167 887 affert:
199 845 253 898 „Est
269 845 301 889 vis
318 845 384 888 animi
401 845 511 887 inuiolata
528 844 573 888 sire
590 849 732 901 apamenam,
747 846 863 887 secundum
880 858 947 901 quam

23 926 132 969 diversae
146 932 220 984 utque·
230 927 364 971 contrariae
379 914 531 984 cogitationes
548 924 695 982 efficiuntur,
714 931 737 969 et
758 913 835 983 opera.
868 925 946 970 Nom-

22 1009 80 1050 ralis
91 1013 126 1051 eet
139 1009 163 1050 in
177 1006 241 1051 uobis
256 1006 308 1051 boni
322 1009 420 1066 malique
433 1009 556 1052 communis
572 1008 693 1057 discretim
715 1014 853 1066 spontancus
864 997 945 1050 mrtem

22 1094 94 1131 motas
110 1088 132 1130 in
148 1088 196 1144 hic„
206 1102 266 1145 qaue
280 1086 333 1143 jam
348 1090 450 1134 discreto
467 1095 489 1134 et
505 1090 622 1146 sequenda
635 1094 693 1132 strat.
724 1090 796 1146 Ipsum
811 1089 846 1129 lex
858 1088 946 1143 quidem

22 1169 104 1223 erudit3
121 1170 189 1224 gratia
206 1176 277 1211 autern
290 1177 410 1228 praeparat,
425 1171 517 1226 adjuvat,
532 1171 664 1223 corroborat,
678 1172 788 1213 coronat.“
819 1169 881 1212 Haec
897 1181 947 1210 omn

20 1248 134 1306 Augustini
149 1251 254 1304 doctrina,
270 1265 313 1307 qua
329 1251 395 1294 homo
411 1252 433 1294 iu
452 1258 508 1294 statu
528 1252 634 1294 hodierno
652 1253 717 1294 modo
732 1251 789 1293 liber
804 1252 835 1294 ‘sit
852 1251 879 1292 ad
893 1248 947 1305 pec-

21 1338 100 1385 catum,
116 1345 159 1374 non
175 1345 227 1376 vero
243 1332 400 1388 adjustitiam,
417 1347 460 1376 nou
476 1333 608 1375 concordant
614 1362 621 1387 7
638 1339 659 1375 et
673 1333 811 1389 pelagianam
827 1332 890 1375 liberi
907 1344 945 1371 ar-

21 1412 79 1455 bitrii
96 1411 242 1457 definitionem
262 1414 380 1458 redolent¹
403 1416 467 1471 Quae
488 1421 560 1458 autem
578 1415 606 1457 de
623 1417 692 1470 gratia
708 1420 861 1471 praeparante,
879 1411 944 1466 adju-

20 1500 92 1547 rante,
109 1494 269 1550 corroborante,
286 1492 402 1538 coronante
416 1496 438 1537 in
447 1495 570 1539 universum
585 1495 715 1550 adjiciuntur
728 1512 739 1538 a
751 1494 944 1551 Pelagianisetiam

20 1573 124 1618 affirmari
138 1583 280 1632 possunta-
299 1578 324 1620 In
342 1578 412 1633 eapite
422 1579 465 1637 ¹15.
483 1576 623 1633 redemtionis
638 1576 718 1619 Christi
731 1577 944 1634 particulorismus,

6 1657 56 1712 ¹qui
74 1657 163 1709 dicitur,·
178 1664 270 1713 negatur
285 1656 424 1719 affirmando:
452 1658 540 1711 „Deum
557 1657 637 1700 Christi
658 1658 791 1715 apparitione
808 1656 948 1714 prospexisse

19 1738 116 1780 omnium
140 1745 242 1781 nostrum
258 1741 330 1783 saluti
347 1740 543 1796 remissionique“‚
565 1746 588 1780 et
606 1742 710 1790 ‚precatio
729 1742 826 1783 omnium
838 1737 943 1795 gentium

18 1830 59 1873 per
71 1816 250 1873 dispensationem
266 1819 418 1861 incarnationis
435 1820 501 1874 ipsius
521 1818 563 1859 Dei
576 1825 602 1868 *et
617 1819 728 1862 salvatoris
745 1821 827 1862 uostri“
843 1815 942 1859 sumitur.

18 1896 101 1958 lbidem
117 1897 204 1953 quidem
222 1891 361 1955 ¹,paecuh'uris
377 1900 463 1956 quidam
476 1899 591 1942 divinitatis
603 1896 679 1941 frivor‘
694 1900 730 1956 qui
740 1901 768 1941 ad
781 1898 875 1953 singulos
889 1909 947 1952 per-ff¹

18 1978 116 2022 tinuisset
132 1985 169 2031 „et
185 1980 251 2036 quasi
261 1994 308 2037 per
324 1982 428 2039 singulos
446 1983 508 2024 vitae
529 1987 595 2024 actus
608 1982 691 2038 paulum
706 1981 840 2041 dispensata
856 1977 943 2037 garber-

19 2062 105 2112 aatio,“
121 2061 173 2103 item
190 2062 346 2118 „praecipuum
362 2063 444 2119 gratiae
460 2064 580 2105 auxilium“
595 2069 788 2118 commemoratum
803 2062 841 2104 sed
856 2061 889 2103 his
902 2073 943 2102 vo-

18 2138 78 2181 cibus
96 2139 217 2183 absolutum
237 2130 348 2186 decretum
363 2143 542 2200 Augustinianmn
564 2147 653 2188 minime
673 2147 800 2188 continetur.
834 2144 859 2186 Id
879 2142 941 2184 etiam

18 2220 41 2262 in
57 2220 84 2262 iis
100 2233 155 2276 quae
169 2230 289 2277 sequuntur
309 2238 352 2266 non
368 2227 468 2277 docetur,
491 2227 587 2280 quamvis
607 2228 741 2282 singulorum
757 2239 831 2268 sacrae
847 2223 940 2278 scriptu-

17 2314 55 2343 rae
70 2301 194 2357 dogmatum
209 2305 347 2360 pertractatio
360 2305 417 2347 illius
432 2308 616 2350 commemorandi
631 2308 814 2365 opportunitatem
834 2302 940 2359 amplissi-

17 2396 75 2424 mam
91 2382 231 2438 praebuisset.
246 2409 275 2419 -
289 2386 379 2431 A‘ceedit
395 2388 453 2443 quod
467 2388 508 2431 alia
518 2390 584 2432 ‘dicta
602 2388 770 2446 Augustiuianae
784 2385 887 2445 sentiendi
901 2398 940 2426 ra-

18 2462 71 2506 tioni
88 2472 215 2519 repugnant.
248 2467 272 2509 ln
291 2469 361 2523 capite
382 2470 439 2512 enim
455 2471 491 2513 26.
513 2472 539 2514 ad
556 2473 715 2528 quaestionem,
733 2473 765 2524 „si
783 2467 866 2520 omnia,
884 2480 942 2523 quae

17 2545 40 2586 in
56 2546 164 2601 praesenti
178 2546 263 2588 saeculo
277 2554 336 2603 gesta
352 2556 416 2602 sunts
430 2550 567 2595 adfuturum
583 2554 736 2610 respiciebant7·
752 2550 803 2606 quid
820 2562 875 2605 opus
886 2555 939 2598 emb

17 2631 42 2668 ut
60 2641 72 2667 a
90 2626 139 2668 Deo
154 2641 255 2682 praesens
269 2630 378 2673 saeculum
396 2628 489 2675 fieret'l‘t
506 2634 535 2677 ita
555 2635 704 2690 respondetur:
728 2632 804 2688 „Quia
817 2630 898 2683 decuit,
915 2636 939 2671 ut

17 2705 131 2749 rationales
150 2716 262 2753 creaturae
277 2712 338 2768 prius
355 2711 471 2769 discerent5
501 2722 525 2759 ut
542 2716 685 2758 excitarentur
701 2715 724 2758 in
741 2713 825 2767 dubiis,
847 2725 871 2753 ac
888 2717 939 2754 tunc
