1999 2998
456 103 582 170 „Q

38 245 40 247 v
58 232 107 263 rum
125 225 213 278 peccato
227 233 271 263 non
286 227 318 264 est
334 223 508 280 comparandam,
525 238 591 282 quum
612 215 682 279 angeli
697 216 864 276 modosssptrim,
879 217 976 260 homines

59 314 129 345 carne
146 309 168 345 et
183 303 259 358 spiritu
276 309 379 346 constent.
396 302 397 306 ’

98 408 100 411 >
122 385 142 427 5.
157 385 283 443 Primorurn
296 384 407 428 hominum
420 386 502 442 ‘lapsus‘
514 398 558 427 non
574 384 645 426 solum
659 383 684 425 iis
703 383 763 440 ipsis,
786 382 824 424 sed
840 381 905 422 etiarn
914 405 915 408 =
924 377 977 420 uni-

58 476 119 507 verso
134 465 212 518 generi,
224 465 330 526 humano,
347 466 404 520 quod
421 466 443 508 in
459 465 540 510 Adamo
555 465 713 522 praevaricante
730 463 894 519 praevaricavit,
914 459 975 501 mul-

58 545 193 587 tum‘damni
210 544 287 588 attulit.
313 545 380 589 'Malis
394 561 449 603 quae
464 547 625 590 in-universum
638 558 705 601 genus
719 545 836 587 humanum
853 550 879 585 ut.
890 555 977 598 poenae

57 626 140 688 primae
158 626 344 682 praevaricationis
366 628 524 679 redundarunt,
546 641 590 669 non
611 626 679 668 solum
698 626 860 668 immortalitatis
877 624 976 679 corporis

56 707 142 749 amissio
156 703 178 748 et
194 707 265 749 variae
279 707 336 750 vitae
350 709 460 751 molestiae
476 724 495 751 e.
508 722 528 764 g.
544 707 644 751 valetudo
661 707 755 758 adversa,
770 704 847 759 fames,
860 705 911 757 sitis,
928 702 973 745 fri-

57 802 120 844 gns,
133 795 215 845 aestus,
244 789 485 844 adnumerandasu'ut,
515 789 552 829 sed
570 788 633 829 etism
649 788 725 829 mentis
741 788 818 842 caligo,
844 800 911 841 purae
927 785 970 832 Dei

57 867 184 922 cognitionis
201 865 292 917 amissio,
309 864 407 916 laetitiae
415 868 515 920 spiritalis
532 868 649 919 exstinctio,
665 881 741 921 rerum·
752 867 885 909 mutabilium
902 866 976 916 amor,

57 950 79 991 in
95 945 228 989 addiscendis
246 946 312 988 literis
329 945 425 988 molestia
441 952 463 989 et
478 961 533 1005 quae
546 955 595 990 sunt
613 948 694 990 similia.
728 948 881 991 Gravissimum
897 955 971 990 autem

58 1028 146 1079 malum,
165 1027 221 1082 quod
242 1040 269 1067 ex
287 1034 374 1083 peccato
389 1028 466 1071 Adami
486 1016 545 1071 ‘e't'tn
560 1027 628 1083 ipsum
645 1035 666 1071 et
681 1029 702 1070 in
717 1023 812 1085 posteros
828 1030 872 1085 ejus
888 1030 970 1070 redun-

58 1109 122 1161 davit,
139 1115 170 1149 est
186 1114 297 1162 peccatum
314 1108 425 1162 originale,
441 1106 484 1165 quo
499 1113 575 1151 natura
591 1108 684 1151 humana
700 1116 799 1166 corrupta
813 1117 852 1152 est.

123 1189 144 1231 4.
160 1188 276 1229 Peccatum
292 1189 395 1244 originale
409 1203 452 1230 non
469 1196 500 1232 est
514 1190 583 1230 omnis
597 1189 702 1232 libertatis
718 1189 803 1232 moralis
815 1187 919 1240 delectus,
934 1188 972 1229 sed

56 1268 167 1314 infirmitas
184 1282 271 1323 magna,
292 1283 334 1324 qua
353 1271 467 1311 necessitas
482 1270 594 1325 quaedam.
604 1270 706 1325 peccandi
723 1269 803 1312 homini
819 1268 915 1325 imposita
933 1275 971 1318 est,

56 1359 78 1395 et
95 1357 204 1392 certamen
223 1340 332 1406 quoddam
355 1350 424 1392 carnis
442 1364 491 1392 oum
510 1346 586 1406 spiritu
598 1349 698 1392 subsistit.
727 1350 840 1406 Corruptio
855 1348 975 1404 originalis,

56 1433 116 1487 cujus
127 1433 193 1488 ¹'sedes
207 1437 229 1473 et
242 1432 265 1471 in
279 1431 350 1472 animo
367 1437 389 1474 et
405 1431 426 1472 iu
443 1444 532 1487 corpore
549 1428 587 1482 esi,
605 1431 742 1485 generatione
757 1427 893 1487 propagatur,
909 1430 968 1484 ejus-

55 1526 99 1569 que
114 1519 176 1554 reatu
188 1499 291 1554 aeternae
309 1511 439 1555 damnationi
455 1511 542 1553 obnoxii
561 1525 640 1554 sumus.
675 1512 782 1568 Baptisma
798 1513 848 1554 inde
863 1526 875 1553 a
889 1510 973 1552 Christi

55 1591 189 1647 temporibus
208 1590 234 1633 ab
254 1592 296 1634 hoc
317 1598 384 1635 reatu
405 1592 492 1648 quidem
514 1593 591 1634 eodem
609 1592 673 1633 modo
693 1592 802 1644 liberavit,
831 1607 873 1648 quo
891 1590 968 1633 veteris

54 1673 176 1717 testamenti
191 1673 324 1728 temporibus
340 1672 485 1724 circumcisio,
507 1679 560 1715 actu
574 1677 644 1713 tamen
662 1673 684 1713 in
705 1672 816 1727 baptizatis
831 1674 883 1728 ipsis
901 1671 969 1725 origi-

26 1754 28 1756 ’
55 1753 104 1797 nale
123 1757 240 1808 peccatum¹
252 1758 355 1800 remanet.

120 1835 140 1876 5.
164 1832 269 1875 Liberum
290 1831 355 1887 igitur
377 1831 469 1873 hominis
483 1830 594 1873 arbitrium
614 1845 639 1872 eo
656 1845 726 1885 sensu,
748 1844 793 1887 quo
808 1830 895 1873 facultas
910 1829 973 1870 benev

55 1914 132 1970 agendi
149 1920 247 1964 vocatur,
273 1927 312 1969 per
333 1913 491 1967 corruptionem
513 1912 636 1968 originalem
657 1916 700 1953 non
723 1926 807 1968 prorsus
823 1913 909 1969 quidem
925 1923 973 1952 ex-·

53 1994 165 2046 stinctum,
186 1995 223 2036 sed
241 1980 313 2036 tamen
331 1994 360 2037 ita
381 1993 515 2037 debilitatum
531 2002 573 2047 est,
592 2001 616 2037 ut
630 2007 693 2035 nemo
707 1992 733 2034 ab
748 1994 805 2035 omni
820 2000 907 2050 peccato
922 1992 973 2033 irn*

54 2075 125 2117 munis
142 2087 188 2115 esse
205 2076 278 2128 possit.

118 2153 139 2195 6.
166 2152 242 2194 Gratia
267 2152 309 2194 Dei
332 2153 413 2194 homini
435 2154 458 2194 in
479 2160 533 2194 statu
553 2153 659 2194 hodierno
680 2154 796 2209 aegrotanti
816 2161 840 2196 ut
861 2153 964 2195 medicina

52 2233 174 2277 adhibenda
194 2239 232 2275 est.
267 2232 383 2274 Hominem
400 2234 509 2287 praevenit
528 2233 589 2290 variis
611 2233 691 2285 modis,
716 2247 805 2290 eamque
821 2234 962 2288 subsequitur,

51 2323 115 2371 atque
133 2313 188 2355 adeo
210 2320 232 2356 et
248 2319 273 2356 ut
293 2312 358 2355 homo
378 2312 440 2366 volit,
468 2319 489 2355 et
512 2320 535 2356 ut
554 2313 649 2370 perficiat
671 2314 761 2366 bonum,
786 2315 902 2356 necessaria
923 2319 962 2354 est.

51 2396 142 2440 Interior
155 2394 201 2450 ejus
215 2400 291 2436 natura
307 2394 409 2450 explicari
424 2395 510 2450 quidem
525 2408 567 2435 non
582 2401 657 2450 potest,
671 2395 693 2436 id
707 2403 776 2438 tamon
792 2396 819 2436 de
834 2409 858 2436 ea
873 2392 963 2436 definire

50 2476 109 2531 licet,
124 2480 207 2519 carnot
221 2474 248 2516 ad
263 2474 396 2517 intellectum
410 2480 431 2515 et
445 2474 472 2514 ad
484 2474 613 2516 voluntatem
625 2475 715 2518 bominis
728 2477 770 2519 vim
784 2475 872 2528 habore,
885 2489 964 2530 quarn·-

50 2557 81 2600 vis
95 2558 191 2599 liberum
202 2555 292 2596 hominis
307 2553 419 2598 arbitrium
437 2552 462 2596 ed
477 2569 518 2596 non
534 2557 685 2611 exstinguatur.
715 2555 824 2599 Huio'cac
837 2563 909 2611 partes
925 2571 965 2598 su-

49 2644 146 2694 persunt,
164 2646 188 2681 ut
203 2636 292 2692 gratiam
309 2634 365 2678 ultro
383 2635 474 2678 oblatam
488 2642 509 2679 et
524 2637 622 2693 accipere
636 2643 657 2681 et
671 2648 770 2680 recusare
785 2637 857 2694 possit.
889 2637 964 2680 Gratia

23 2765 25 2770 ,
48 2718 172 2774 ignocnon
187 2723 219 2760 est
234 2714 380 2761 irresistibilis.
836 2704 839 2708 ¹
