1999 2998
436 68 564 136 ...1³-

41 189 94 242 rito,
109 186 179 232 hiatus
199 195 312 246 motusque
330 186 402 244 etiam,
423 196 446 233 et
460 186 643 247 praepositionum
657 197 723 230 casus
734 196 821 229 servare
838 187 964 233 contemno,-

40 270 91 327 quia
106 271 218 327 indignum
236 270 376 316 vehementer
396 271 508 324 existimo,
533 278 558 314 ut
574 269 641 315 uerba
662 266 760 311 caelestis
777 265 859 307 oraculi
873 264 965 307 restrin-
991 301 992 304 ,

35 349 88 408 'gam
106 352 147 395 sub
162 333 241 408 regulis
256 352 359 396 Donati.“
377 359 418 395 cet.
453 353 504 406 Qua
523 351 606 393 ratione
622 351 699 394 ductus
714 347 837 405 Gregorius
850 346 882 389 Μ.
902 342 964 386 nefas

40 448 86 476 esse
102 432 222 488 judicabat,
243 427 375 488 episcopum
396 430 475 472 docere
492 430 662 484 grammaticam.
693 430 731 483 „ln
747 443 790 472 uno
810 443 834 471 se
855 441 895 469 ore
913 439 964 468 curn

35 507 97 558 'doris
112 513 211 556 laudibus
228 510 309 553 Christi
325 510 400 553 laudes
415 524 459 552 non
478 510 588 567 capiunt.“
619 509 712 553 Lile.
729 510 791 567 epist.
801 512 838 552 54.
861 509 962 550 Graecae

38 593 124 650 linguae
147 605 171 635 se
191 605 237 634 esse
254 591 364 647 ignarum,
390 591 511 647 Gregorius
531 591 627 647 ingenue
646 590 780 646 profitetur..
798 588 907 634 Lib.V11.
927 600 961 642 ep.

38 676 76 718 52.
91 673 140 716 Lib,
150 671 188 715 XI.
204 686 238 729 ep.
251 672 286 727 74,
318 671 376 714 luris
389 678 474 726 autem,
490 673 512 715 in
529 672 604 729 primis
621 671 729 723 canonici,
745 670 772 712 ad
788 671 849 726 cujus
864 667 962 711 studium

37 768 154 807 muncrum
170 759 192 795 et
208 754 264 797 vitae
278 752 362 796 ratione
377 752 472 794 maxime
487 753 643 806 adducebatur,
661 765 711 809 curn
722 751 871 807 peritissimum
886 747 962 799 fuisse,

39 833 164 885 neminem,
191 832 339 888 nisi'prcrsus
358 832 380 873 in
401 831 494 875 lectione
511 833 640 891 scriptorum
658 833 703 889 ejus
724 826 871 888 peregrinum,
897 828 962 887 fugit.

37 912 132 969 Egregia
149 912 213 970 hujus
229 913 261 955 rei
278 913 408 955 documenta
426 912 528 970 Gregorii
548 913 651 972 epistolae
667 912 778 971 praebent.

470 1033 488 1094 s.
504 1042 526 1084 a.

102 1116 159 1159 Juris
173 1115 250 1172 peritia
264 1113 431 1178 *haudwvulgcris
442 1115 551 1173 Gregorio
565 1118 621 1161 riam
632 1118 659 1160 ad
675 1116 804 1174 praecipuus
811 1111 877 1157 Urbis
887 1110 960 1166 digui-

37 1204 92 1241 tates
112 1196 230 1240 muniebat.
269 1196 317 1252 lpse
341 1198 449 1252 praetoris
473 1198 550 1241 urbani
574 1197 694 1241 honorifico
716 1211 807 1239 munere
829 1192 961 1252 aliquamdiu

39 1277 126 1320 functus
143 1284 182 1319 est.
217 1277 260 1320 Sed
280 1277 410 1319 monasticae
431 1279 487 1322 vitae
504 1292 583 1334 magno
600 1293 674 1321 amore
694 1279 770 1322 ductus
788 1277 845 1321 vitae
862 1280 961 1317 actuosae

39 1366 61 1401 et
75 1357 165 1413 negotiis
177 1357 323 1400 saecularibus
337 1359 474 1413 renuntiarit,
490 1367 519 1413 et,
535 1368 649 1417 postquam
665 1373 703 1402 sex
719 1345 846 1403 monasteria
855 1357 877 1398 in
888 1353 958 1398 Sicilia

37 1446 59 1481 et
79 1440 193 1494 septimum
218 1438 240 1479 in
257 1438 309 1494 ipsis
328 1438 418 1480 aedibus
440 1442 536 1496 paternis
553 1441 580 1482 de
599 1454 623 1483 re
642 1454 681 1483 sus
704 1439 805 1482 familiari
825 1436 958 1485 condiderat,

36 1519 82 1574 ipse
99 1533 122 1561 se
138 1520 161 1561 in
179 1519 221 1561 boc
240 1520 393 1561 monasterium
412 1520 498 1563 circiter
514 1534 595 1562 annum
614 1522 665 1574 575.
685 1521 780 1576 recepit,
800 1517 875 1574 ibique
891 1515 957 1559 vitum

35 1601 174 1642 monasticam
192 1601 310 1641 secundum
332 1586 429 1655 regulam
448 1600 638 1643 Benedictiuorum
661 1599 818 1643 conformatam
844 1595 957 1653 amplexus

34 1692 75 1735 per
90 1680 198 1734 quoddam
214 1668 299 1736 tempus
318 1686 462 1724 commoratus
476 1687 516 1724 est.
547 1680 633 1724 ludcles
649 1689 722 1725 autern
738 1680 855 1737 Gregorii,
873 1691 915 1734 qua
925 1665 958 1719 vad

34 1760 100 1803 vitam
121 1766 229 1802 actuosam
248 1758 371 1813 ferebatur,
397 1762 453 1804 iutra
477 1769 547 1803 arctos
563 1763 661 1803 coenobii
685 1764 765 1806 limites
786 1775 831 1804 11011
849 1757 954 1801 contineri

34 1846 127 1897 poterat.
161 1839 216 1881 Nam
233 1839 351 1893 Anglsrum
364 1840 433 1895 gentis
450 1840 477 1881 ad
494 1853 554 1881 sacra
565 1840 689 1884 'christiana
708 1841 866 1884 convertendae
882 1839 954 1882 studio

36 1904 178 1962 exardescens
195 1918 318 1975 pontificem
337 1919 436 1975 precibus
453 1920 517 1973 adiit,
543 1926 566 1962 ut
584 1921 616 1962 illi
631 1924 691 1977 genti
707 1923 789 1980 aliquos
808 1920 869 1966 verbi
890 1918 955 1963 diuini

35 2015 154 2057 praecones
174 2001 280 2052 mitteret,
308 2013 331 2042 sc
349 2001 419 2056 ipsum
440 2002 468 2043 ad
488 2001 530 2042 hoc
550 2004 661 2058 negotium
682 2004 842 2061 suscipiendum
862 2009 959 2060 paratum

36 2073 151 2135 professus.
182 2080 201 2123 Α
218 2079 320 2136 pontifice
334 2083 397 2138 copia
417 2083 467 2125 data
485 2083 589 2138 quosdam
609 2085 692 2128 sodales
708 2086 812 2139 assumsit,
830 2097 896 2141 seque
910 2095 959 2123 cum

35 2161 60 2201 iis
74 2158 146 2201 itineri
164 2160 278 2200 cornmisit.
310 2161 404 2203 Romani
421 2169 494 2205 autem
510 2163 611 2219 Gregorii
628 2164 786 2220 profectionem
804 2179 867 2223 aegre
882 2163 957 2207 feren-

35 2244 69 2281 tes
84 2230 208 2295 pontificem
224 2239 323 2295 precibus
339 2241 488 2294 adduxerunt,
508 2249 532 2286 ut
550 2245 664 2288 celerrime
682 2258 732 2287 euru
747 2253 866 2291 revocaret.
893 2244 955 2288 Gre-

35 2320 107 2376 gorius
124 2333 183 2375 ergo,
198 2320 240 2363 illis
256 2319 416 2377 plaudentibus,
433 2322 455 2365 in
471 2323 625 2370 monasterium
641 2326 713 2371 redire
729 2334 813 2371 coactus
830 2333 868 2371 est,

471 2441 489 2503 l
504 2450 527 2496 4·

100 2522 143 2565 Sed
161 2536 202 2565 non
223 2522 259 2564 diu
275 2521 305 2566 ibi
326 2527 452 2567 commorari
470 2523 578 2583 Gregorio
598 2527 665 2574 licuit.
702 2527 754 2573 Mox
776 2530 833 2573 enim
853 2528 958 2574 diaconus

33 2603 137 2657 septimus
153 2619 164 2645 a
180 2601 279 2659 pontifice
292 2603 379 2662 Pelagio
392 2602 417 2648 ll·
429 2614 520 2662 creatus,
537 2618 558 2654 ut
572 2613 643 2667 paullo
658 2617 706 2667 post
724 2606 820 2669 (circiter
830 2612 914 2669 abqg)
930 2613 956 2656 ab

36 2681 191 2691 aua-...uu

97 2714 190 2761 pellarunt
202 2705 343 2763 pevrarcchdr,
355 2724 411 2764 quum
424 2710 503 2765 liter-au
517 2719 536 2757 lu
550 2716 612 2758 cadem
627 2720 754 2760 enuntiatione
765 2722 844 2765 nimium
856 2724 951 2774 repertur.
