1999 2998
458 83 586 151 „BL

57 192 124 237 aaut
136 192 265 250 jaculator.
277 196 279 201 ⁴
290 216 291 219 ¹
304 195 407 261 Sq'uamas
426 201 501 253 habet,
524 207 546 244 et
561 202 647 243 idcirco¹
658 202 684 242 ad
702 201 748 255 ejas
763 199 892 256 praecordia
909 207 981 242 trans-

57 272 122 319 eundi
139 278 196 321 viam
218 281 277 323 verbi
298 282 374 337 sagitta
396 294 440 322 non
462 280 533 325 habet.
570 282 655 324 Duritia
675 281 731 323 enim
757 279 839 323 carnali
860 277 980 334 repellitur,

56 350 84 400 ne
98 360 199 416 spiritalis
217 363 236 404 ei
253 360 334 418 gladius
350 361 471 415 infigatur.“
494 363 593 404 XXXIII.
611 364 646 403 51.
666 360 698 414 „u
716 363 861 419 reproborum
877 358 980 402 cordibus

56 454 104 484 eum
125 442 247 501 (satanam)
274 444 340 486 sancti
358 442 512 498 praedicatoris
534 442 609 498 sagitta
630 456 671 484 non
692 445 783 498 excutit3
808 443 860 499 quia
881 440 979 499 quisquis

56 523 82 565 ab
106 524 144 565 illo
164 524 344 580 apprehenditur,
373 522 446 565 verbu
467 520 519 577 jum
540 524 723 580 praedicantium
744 525 829 567 audire
849 504 975 577 coniemuu.

56 605 120 647 Unde
135 605 191 646 b'ene
208 606 299 660 peccatis
314 603 492 661 praecedentibus
511 605 614 656 irascens,
634 605 661 645 de
677 604 709 645 his
725 618 779 659 quos
795 605 818 646 in
835 618 901 647 mauu
917 604 975 646 anti-

54 685 91 743 qui
105 687 172 729 hostis
186 687 272 738 deserit,
288 686 393 728 Dominus
408 698 448 740 per
467 685 598 741 Prophetam
615 681 665 739 (Jer.
682 686 703 736 8,
721 683 758 741 17)
774 686 835 728 dicit:
855 686 973 727 immittam

11 771 13 773 ’
54 767 114 811 vobis
130 770 241 822 serpentes
257 766 348 820 regulos,
364 765 441 820 quibus
457 779 500 807 non
520 765 684 808 estincantatio.
718 764 749 807 Ac
767 768 783 820 si
800 768 890 809 diceret:
911 767 972 809 Iusto

56 848 137 903 judicio
153 845 232 888 talibus
248 859 284 888 vos
298 843 413 885 imnrundis
427 845 537 900 spiritibus
552 846 640 899 tradam,
654 846 690 901 qui
705 860 717 887 a
732 848 791 889 vobis
806 849 877 889 excuti
891 848 973 904 exhor-

55 928 137 970 tatione
165 924 351 982 praedicautium,
379 925 440 981 quasi
468 926 622 968 incantantium
652 940 760 981 sermone,
792 943 835 970 non
865 929 972 971 valeantf‘

54 1008 156 1053 XXXIV.
172 1020 207 1048 21.
224 1006 310 1058 „Sancti
326 1005 416 1062 Spiritus
432 1005 501 1061 gratia
517 1008 548 1049 sic
568 1008 678 1063 recipitur,
695 1015 718 1050 ut
735 1010 758 1051 ia
775 1023 803 1051 ea
819 1010 885 1051 electi
899 1023 969 1065 usqae

55 1091 77 1133 in
93 1089 164 1142 finem
176 1087 332 1144 perseuerare
350 1087 481 1129 doceantur.
496 1110 525 1119 —
540 1088 646 1143 Reprobis
662 1090 684 1131 in
701 1097 778 1132 exortu
796 1088 847 1130 iidei
864 1103 904 1144 per
921 1088 972 1143 Spi-

54 1170 120 1213 ritum
137 1174 234 1211 sanctum
252 1174 337 1224 peccata
351 1167 500 1221 dimittuntur,
524 1169 561 1209 sed
576 1169 666 1223 Spiritus
684 1168 751 1209 sancti
768 1170 859 1224 gratiam
874 1176 972 1224 postmo-

55 1252 106 1294 dum
126 1263 165 1307 per
184 1249 316 1304 iniquitatem
336 1249 437 1303 perdunt.
455 1270 484 1280 -
508 1249 595 1290 Eiectos
610 1256 694 1295 sanotae
708 1248 812 1290 ecclesiae
832 1249 859 1289 ab
877 1249 971 1304 ejusdem

55 1331 158 1375 ecclesiae
175 1330 297 1385 primordiis
314 1328 403 1384 Spiritus
419 1328 487 1371 sancti
503 1329 570 1385 gratia
585 1311 669 1383 replere
682 1330 763 1384 coepit,
784 1345 838 1386 quos
852 1344 922 1386 usque
938 1332 971 1372 od

55 1413 134 1457 mandi
151 1409 227 1465 finem
248 1411 362 1453 custodire
386 1421 430 1452 non
457 1410 564 1452 destauf‘
605 1407 653 1450 Lib.
673 1407 708 1451 Vl.
730 1410 752 1451 iu
772 1412 865 1466 primum
883 1412 969 1465 Regum

56 1508 102 1549 cap.
116 1495 137 1535 5.
155 1491 173 1548 §-
190 1504 225 1532 21.
250 1488 352 1547 ‚luteum
367 1503 441 1531 omnes
458 1490 599 1545 malignorum
615 1489 726 1545 spirituum
743 1491 859 1546 suasiones,
880 1493 970 1548 amplis-

54 1577 107 1628 sima
119 1556 169 1616 sibi
186 1567 269 1612 infusae
284 1571 364 1625 gratiae
384 1571 483 1626 largitate
499 1570 622 1626 reprobant.
638 1593 666 1603 -
679 1570 769 1620 *Mentis
785 1572 839 1612 ratio
856 1585 895 1626 per
910 1570 971 1613 inlu-

53 1671 98 1700 sam
114 1654 156 1696 sibi
172 1651 263 1706 gratiam
278 1651 300 1691 in
315 1652 518 1708 contemplationem
532 1664 627 1692 summae
642 1650 734 1694 veritatis
748 1650 872 1693 attollitur.“
889 1652 936 1694 Lib,
946 1652 970 1693 II.

52 1723 189 1792 inprimunt
208 1730 263 1784 Reg.
282 1743 327 1784 cap·
344 1742 363 1769 1.
386 1729 403 1786 §-
422 1732 443 1771 4.
470 1731 608 1782 „Electorum
626 1743 670 1770 mos
691 1735 731 1781 est,
762 1737 786 1771 ut
802 1744 867 1785 quum
884 1732 968 1772 diuinae

53 1811 218 1875 praedicationis
239 1810 373 1852 hortamenta
393 1811 523 1866 suscipiunt,
547 1810 574 1850 ad
591 1810 683 1850 studium
701 1810 788 1851 auditae
805 1809 873 1850 bonae
890 1823 968 1866 opera-

53 1898 117 1942 tionis
131 1892 281 1936 accendantur.
311 1891 407 1947 Reprobi
424 1897 446 1933 et
462 1889 587 1946 frequenter
602 1890 666 1933 verba
683 1890 724 1931 Dei
739 1890 838 1941 audiunt,
853 1896 874 1932 et
888 1891 968 1932 eisdem

52 1986 125 2021 tamen
143 1973 213 2020 verbis
229 1972 287 2015 nulla
302 1971 357 2014 bona
371 1986 437 2029 opera
456 1978 584 2028 proponunt.
617 1971 674 2026 Pigri
693 1970 715 2012 iu
734 1972 778 2013 suis
795 1970 914 2013 actionibus
930 1985 967 2013 re-

52 2063 154 2108 manent,
182 2054 231 2109 quia
249 2069 261 2096 a
277 2054 347 2099 divina
363 2055 411 2096 luce
428 2053 530 2109 projecti,
554 2052 702 2107 omnipotentis
722 2052 765 2093 Dei
783 2052 883 2107 gloriam,
909 2052 966 2108 cujus

52 2137 118 2183 verba
134 2134 235 2192 audi-unt,
257 2134 341 2175 interna
359 2134 542 2189 contemplatione
559 2146 601 2174 non
622 2132 715 2175 vident.“
746 2132 797 2173 Lib.
811 2133 846 2174 Ill.
864 2133 886 2172 in
904 2133 968 2188 prim·

52 2222 106 2275 Reg.
129 2230 175 2272 cap.
191 2216 211 2256 5.
235 2212 252 2270 ᾗ.
271 2227 303 2254 10.
335 2213 418 2266 „Electi
443 2212 494 2262 viri,
523 2212 558 2267 qui
578 2225 668 2267 superna
686 2212 788 2267 diligunt,
812 2212 894 2267 quoties
912 2212 967 2261 haec

52 2300 153 2350 audiunt,
174 2295 202 2336 ad
217 2294 270 2336 haec
285 2292 401 2337 ferventius
417 2290 571 2346 incalescuntp¹
584 2291 668 2346 reprobi
687 2306 779 2348 superna
795 2292 922 2347 loquuntur,
945 2301 967 2336 et

50 2382 149 2431 audiunt,
166 2389 221 2432 quae
236 2376 258 2417 in
273 2374 330 2417 nulla
343 2373 463 2426 dulcedine,
480 2373 507 2414 ad
519 2372 598 2416 mentis
611 2385 661 2414 suae
675 2371 815 2415 relectionem
828 2374 968 2431 suscipiunt.“
983 2420 984 2423 Ἴ

52 2465 101 2510 nra
118 2459 156 2505 ru.
184 2457 207 2498 n
231 2456 303 2511 prim·
315 2455 370 2508 neg.
393 2469 440 2510 cap.
459 2455 480 2495 a.
501 2452 519 2510 t.
536 2467 571 2509 27.
595 2451 656 2495 conr.
672 2453 712 2513 ,rna
728 2454 808 2500 uttan
827 2436 890 2512 prtia
912 2457 969 2513 aeg.

53 2561 98 2602 cap.
118 2538 171 2598 bb
188 2549 221 2578 1⁰·
658 2603 660 2606 v

113 2623 219 2667 Liberum
238 2616 348 2659 arbitrIum
365 2614 447 2657 ratione
458 2613 550 2669 quadam
567 2611 638 2657 electis
654 2629 665 2657 a
681 2613 788 2672 Gregorio
805 2616 917 2675 tribuitur,
934 2634 970 2663 re-

51 2704 125 2767 probis
142 2703 276 2758 denegatur,
302 2696 404 2744 Liberum
426 2694 550 2755 arbitrium,
577 2709 637 2740 more
656 2695 776 2757 Augustum
794 2698 907 2758 familiari,
934 2701 968 2744 liic
