1999 2998
449 68 579 79 ...ι-..κηαμ-

41 136 131 181 veadem
148 135 216 194 gratia
231 131 312 174 utiliter
324 118 443 181 subtrahat,
463 136 486 173 et
498 121 646 188 praesumenti
656 131 736 185 menti,
749 133 853 188 quantum
869 133 890 175 in
904 147 927 175 se
943 131 979 175 in-

43 216 159 270 firmatur,
175 211 280 256 ostendat.
307 210 372 253 Tune
389 212 447 253 enim
459 225 511 256 rere
526 211 674 267 cognoscimus
690 210 746 254 bonu
762 219 835 254 nostra
852 214 911 254 unde
923 220 980 265 sunt,

54 299 140 358 quando
153 294 208 337 haee
221 291 282 349 quasi
297 292 423 345 amittendo,
442 293 546 335 sentimus
563 292 614 347 quia
628 306 640 333 a
655 292 718 353 nobis
733 293 814 338 servari
826 306 868 334 non
885 295 981 348 possunt.

55 403 83 415 ..
102 373 239 420 Confusiouis
253 368 507 428 eruditione'sentimus,
533 386 561 415 ne
577 373 663 415 nostris
681 372 770 434 viribus
789 374 884 416 consilia
901 378 982 416 nostru

54 459 194 506 tribuumum·
208 462 210 468 “
226 460 249 497 et
266 459 326 496 tanto
343 454 447 496 maturius
466 453 495 496 ad
513 454 642 508 'gravitatem
659 440 822 509 restringimur,
853 459 933 510 quanto
953 454 982 495 ad

53 542 111 585 hano
131 537 192 596 quasi
212 535 313 578 amissam
335 536 435 577 redimus.
473 534 600 590 Aliquando
625 533 677 576 dum
702 549 763 579 mens
785 533 871 578 fortiter
892 530 981 577 adversa

54 610 180 671 oontemnit,
196 617 291 660 subortis
307 614 440 660 adversitatis
453 614 578 666 eventibus,
604 613 661 656 hano
678 622 748 670 metus
768 617 910 660 vehementer
928 629 982 671 per-

54 704 115 745 cutit.
145 700 190 742 Sed
205 712 245 755 per
258 697 317 740 hune
331 709 431 738 concussa
447 696 517 749 discit,
533 696 568 737 cui
583 694 664 737 tribuat
676 697 734 752 quod
750 697 772 739 in
790 694 917 753 quibusdam
932 694 982 738 for·-

54 785 107 827 titer
124 782 195 836 stetit3
217 786 240 822 et
253 784 313 822 tanto
326 782 374 834 post
389 776 480 820 validius
498 775 649 820 fortitudinem
664 778 750 832 retinet,
778 785 857 835 quanto
873 779 929 821 huno
943 791 982 820 re-

55 870 122 921 pente
136 864 233 905 irruente
249 858 365 902 formidine
382 857 422 900 sibi
439 858 482 912 jam
503 858 676 914 quasi'elapsam
692 859 758 902 videt.
790 859 912 916 Aliquando
929 856 981 901 dum

55 957 133 999 magna
150 956 189 983 nos
204 940 260 988 scire
276 940 402 993 gaudemus,
420 940 548 995 repentinae
562 938 695 993 ignorantiae
713 920 816 980 caecitate
835 941 982 995 torpescimus.

55 1025 99 1067 Sed
118 1036 161 1080 quo
178 1017 299 1077 ignorantia
315 1021 394 1061 mentis
410 1019 484 1061 oculus
505 1019 532 1060 ad
553 1023 686 1060 momentum
707 1017 827 1071 clauditur,
848 1014 874 1060 eo
889 1024 937 1075 post
953 1019 982 1059 ad

56 1104 166 1148 seientiam
182 1101 253 1145 verius
269 1100 376 1156 aperitur3
392 1106 416 1142 ut
429 1100 532 1142 nimirum
546 1084 700 1155 flagelto'suae
715 1100 824 1157 caecitatis
840 1100 943 1152 eruditus,
960 1105 982 1141 et

57 1186 113 1229 seire
129 1185 199 1241 ipsum
215 1197 227 1224 a
243 1196 285 1238 quo
298 1181 378 1223 habeat
394 1182 454 1223 sciat.
486 1180 608 1237 Aliquando
624 1182 677 1223 dum
694 1180 793 1236 religiose
812 1187 888 1222 cuncta
906 1180 982 1235 ‹lispo-

57 1268 135 1317 nimus,
151 1266 203 1306 dum
219 1264 304 1319 pietatis
321 1261 402 1305 viscera
415 1261 480 1317 plena
495 1275 534 1303 nos
549 1261 631 1303 habere
643 1261 783 1316 gratulamur,
798 1262 890 1317 quadarn
905 1261 982 1304 mentis

56 1346 136 1389 duritie
154 1344 251 1386 irruente
265 1341 415 1397 percutimur.>
437 1341 480 1383 Sed
495 1342 555 1396 quasi
572 1341 672 1383 obdurati
687 1343 845 1396 cognoscimus,
861 1342 895 1383 cui
910 1341 982 1397 pieta-

57 1427 84 1470 tis
100 1424 187 1468 habitae
201 1422 258 1465 bona
276 1420 406 1476 tribuamus;
422 1427 444 1463 et
458 1421 527 1477 pietas
538 1422 610 1466 verius
620 1421 679 1467 velut
694 1423 789 1465 extinctu
805 1423 915 1481 recipitur,
930 1422 982 1464 dum

58 1507 118 1564 quasi
133 1506 210 1564 amissa
227 1503 318 1559 amplius
336 1504 441 1543 amatur.“
463 1503 500 1556 78,

123 1586 199 1639 Quum
212 1589 296 1638 septem
313 1582 360 1623 illas
379 1582 467 1623 virtutes
483 1597 495 1623 a
512 1583 580 1637 gratia
598 1582 717 1637 Gregorius
737 1588 859 1638 repeteret,
879 1594 922 1623 non
938 1581 981 1623 mi-

57 1666 101 1708 rari
119 1664 230 1715 debemus,
246 1676 296 1704 eum
312 1661 453 1718 septiformis
469 1663 551 1717 gratiae
566 1677 631 1718 saepe
647 1664 778 1705 mentionem
796 1661 880 1703 fecisse.

123 1741 235 1798 „Ecclesia
249 1741 373 1785 universalis
388 1741 443 1784 bona
460 1743 482 1784 in
497 1741 521 1783 se
535 1744 677 1798 septiformis
694 1744 789 1800 gratiae
808 1740 896 1798 spiritris
911 1741 981 1784 eonti-

57 1826 117 1867 net.“
140 1822 291 1869 Mor.lX.15.
317 1823 392 1876 „Quid
408 1824 511 1865 micantes
527 1824 629 1880 pleiades,
644 1839 700 1881 quae
716 1830 738 1866 et
752 1830 835 1881 septem
852 1829 909 1875 sunt,
924 1821 987 1863 eliud

59 1920 124 1963 quam
144 1912 228 1947 sanctos
248 1917 322 1945 omues
345 1905 483 1957 denuntiant,
516 1907 553 1961 qui
575 1907 632 1948 inter
655 1907 775 1963 praesentis
796 1906 852 1947 vitae
874 1902 981 1957 tenebras,

12 1984 13 1988 ’
59 1985 201 2043 septiformis
217 1985 311 2041 spiritus
328 1986 423 2041 grutiee
439 1999 481 2026 non
497 1985 579 2027 lumine
596 1984 735 2029 illustrant?“
760 1983 842 2027 XXIX.
857 1984 893 2027 68.
924 1985 982 2038 „Per

58 2066 184 2109 testamenti
200 2066 249 2107 novi
266 2065 356 2120 gratiam
371 2063 445 2106 fideles
460 2080 509 2107 suos
526 2066 618 2121 Spiritus
634 2072 720 2108 sanctus
733 2055 873 2122 septiformis
887 2067 982 2111 muneris

53 2146 141 2188 >lumine
159 2145 271 2189 illustrat.⁴‘
294 2146 329 2200 75,
349 2146 440 2197 „Nullus
457 2161 509 2190 vero
524 2147 636 2189 bominum
655 2146 791 2203 operationes
806 2149 874 2190 sancti
891 2149 982 2206 Spiritus

58 2227 123 2271 simul
137 2241 211 2269 omnes
226 2226 309 2279 hebuit,
324 2226 363 2268 nisi
377 2228 433 2269 solus
447 2228 558 2270 Mediator
574 2228 616 2270 Dei
636 2235 658 2270 et
673 2228 808 2270 lronrinum.“
829 2229 863 2282 74.
884 2231 907 2272 Si
924 2232 981 2273 enim

59 2309 107 2365 quis
121 2323 196 2350 omnes
209 2309 248 2350 ltus
265 2309 400 2363 operationes
414 2308 476 2350 simul
495 2308 613 2360 habuisset,
630 2309 696 2349 homo
712 2322 762 2349 vere
779 2308 886 2363 perlectus
904 2325 982 2355 evasu-

59 2404 97 2432 rus
113 2388 196 2441 fuisset,
212 2388 234 2430 id
249 2390 306 2445 quod
321 2389 422 2443 Gregorii
439 2388 560 2442 doetrinae,
576 2403 617 2445 qua
634 2403 699 2431 nemo
717 2388 743 2430 ab
764 2392 822 2432 omni
837 2391 886 2433 labe
903 2403 982 2436 vacuus

60 2478 105 2524 est,
121 2470 262 2527 repugnabat.
284 2492 315 2502 -·
349 2469 406 2521 „Per
422 2469 488 2511 sancti
505 2470 597 2526 Spiritus
614 2472 770 2528 septiformem
787 2473 892 2528 gratiam
913 2472 981 2515 aditus

61 2552 121 2593 nobis
137 2552 234 2594 caelestis
248 2551 305 2595 vitae
318 2551 421 2607 aperitur.
449 2552 520 2607 Quam
537 2553 694 2609 septiformem
708 2553 799 2606 gratiam
816 2532 881 2593 Isaiae
897 2552 919 2595 iu
935 2554 981 2611 ipso

63 2637 135 2673 nostro
149 2634 225 2688 capite,
241 2633 276 2677 vel
289 2633 311 2675 iu
322 2633 368 2690 ejus
384 2645 474 2690 corpore
490 2634 547 2690 quod
565 2646 651 2685 sumus,
672 2645 802 2673 enumerans
818 2632 870 2675 diuit
884 2631 902 2692 (r
911 2648 929 2690 r,
941 2633 981 2695 ml:
