1999 2998
508 116 536 157 ttt

460 170 585 180 —n--q-a

66 241 156 282 diacono
172 234 313 292 Alexandrino
329 239 457 287 praeeunte,
473 225 616 277 Alexandriae
631 233 735 298 originem
753 235 866 292 duxerant,
883 239 979 300 aliosque

66 322 88 365 in
105 320 193 364 Oriente
209 312 324 357 haereticos
341 317 429 357 strenue
444 315 582 373 impugnavit.
644 310 646 313 ’
781 305 784 315 '

493 460 511 519 i·
527 466 549 510 θ’

103 562 194 617 ,Quum
217 557 337 614 Gregorius
356 560 450 603 muneris
471 561 580 617 pastoralis
600 561 725 617 gravitatem
748 558 816 618 probe
838 559 978 616 cognovisset,

63 657 132 701 neque
146 640 205 698 prius
223 653 295 696 neque
312 642 418 698 antiquius
433 642 547 699 quicquam
562 642 659 697 haberet,
674 656 738 699 qnam
752 648 779 685 -ut
793 640 866 684 officiis
880 641 921 684 sibi
935 642 977 692 de-

62 721 165 769 mandatis
183 720 226 762 rite
239 719 375 776 fungeretur,
391 722 473 780 ipsique
490 738 555 767 curae
572 723 673 781 cordique
684 730 746 776 esset,
763 730 787 766 ut
803 722 867 765 etiem
882 723 926 777 alii,
940 724 976 780 qui

60 820 82 850 se
96 801 181 847 muneri
194 803 295 857 pastorali
313 804 418 857 dicarent,
441 807 501 861 qitnsi
516 805 627 863 speculum
642 805 758 857 haberent,
781 804 804 845 in
818 799 875 859 quod
889 804 976 857 intueri,

59 896 81 932 et
91 886 193 944 speciem,
211 897 240 925 ex
255 898 297 940 qua
311 886 376 927 vitam
392 884 527 930 conformare
541 893 633 943 possent,
647 885 742 942 reguiam
758 883 885 941 pastoralem
904 884 976 941 paullo

59 976 107 1027 post
121 967 197 1009 initum
220 963 342 1020 pontificale
359 980 436 1008 munus
456 968 585 1023 conscripsit.
619 966 662 1009 Hic
678 966 743 1018 liber,
765 967 788 1007 in
807 977 849 1019 quo
867 964 918 1006 boni
934 979 976 1021 pa-

60 1049 205 1100 storisimago
225 1046 363 1102 proponitur,
387 1058 464 1102 magno
482 1061 529 1089 curn
546 1048 621 1104 plausu
638 1061 704 1104 quum
720 1047 742 1089 in
759 1043 904 1096 Occidentaii,
929 1051 976 1087 tum

60 1134 83 1174 in
98 1127 204 1173 Orientaii
223 1125 311 1168 ecclesia
332 1134 434 1182 exceptus
451 1135 493 1180 est,
519 1135 541 1170 et
559 1140 599 1184 per
622 1128 686 1183 plura
704 1126 789 1170 saecule
810 1138 910 1181 magnam
930 1124 975 1168 rim

61 1212 138 1254 habuit
154 1210 181 1251 ad
199 1206 324 1248 clericorum
339 1222 409 1250 mores
424 1205 554 1267 formandos.
591 1208 636 1249 lmo
652 1208 765 1250 concilium
782 1207 910 1249 Turonense
927 1211 975 1248 ter-

61 1293 117 1335 tium
134 1306 151 1334 a.
169 1290 220 1331 815.
238 1289 261 1330 in
276 1301 357 1330 canone
374 1290 437 1332 tertio
454 1290 508 1332 haee
524 1289 642 1346 praecepit:
666 1287 974 1343 ‚,Noolicetepiecopo-—

59 1373 83 1415 S.
100 1369 211 1427 Gregorii
228 1368 354 1412 Pastorole
373 1370 496 1427 ignorare,
527 1371 584 1428 quod
600 1370 630 1411 ‘iis
651 1369 717 1414 veluti
733 1367 843 1427 speculum
865 1380 912 1409 esse
933 1367 974 1409 de-

58 1454 108 1504 bet,
124 1452 146 1492 in
162 1463 204 1505 quo
219 1462 242 1490 se
260 1448 300 1504 ipsi
317 1462 426 1506 nunquam
441 1464 484 1492 non
501 1450 620 1507 spectent.“
632 1452 666 1483 ’-
694 1451 729 1493 De
744 1450 809 1493 saeris
825 1447 915 1504 publicis
930 1448 973 1502 jam

61 1532 113 1575 inde
131 1530 230 1585 aprimis
243 1528 377 1586 pontificatus
395 1532 454 1572 annis
472 1530 528 1572 bene
545 1531 635 1585 meruit,
658 1531 755 1587 ritusque
773 1543 844 1572 sacros
861 1529 888 1570 ad
905 1534 974 1570 certas

61 1611 146 1666 regulas
160 1611 274 1662 revocavit,
289 1611 391 1666 novisque
405 1611 465 1653 auxit
478 1609 603 1667 Gregorius.
636 1611 798 1668 Septisormem
815 1609 917 1651 litaniam
937 1608 973 1650 in-

58 1693 134 1743 stituit,
150 1691 243 1745 „quae,“
261 1696 348 1733 auctore
366 1690 433 1732 Paulo
449 1691 546 1734 Diacono
561 1692 589 1734 de
605 1690 676 1734 Gestis
691 1690 882 1747 Langobardorum
897 1688 922 1732 V.
937 1702 971 1731 ιι.

57 1773 120 1825 „ideo
136 1771 192 1813 dicta
209 1777 247 1823 est,
265 1770 314 1826 quia
330 1771 399 1812 omnis
412 1772 471 1813 urbis
484 1771 576 1828 populus
590 1786 602 1813 a
618 1772 642 1813 Β,
659 1771 764 1825 Gregorio
782 1770 804 1811 in
819 1777 902 1826 septem
919 1783 972 1825 par-

57 1862 89 1894 tes
101 1852 253 1906 deprecaturus
267 1850 386 1893 Dominum
401 1852 479 1896 divisus
497 1857 535 1894 est.
564 1852 587 1894 In
606 1851 675 1908 primo
695 1851 760 1893 choro
779 1849 820 1892 fuit
838 1849 906 1891 omnis
926 1848 972 1890 cle-

58 1945 104 1972 rus:
123 1930 251 1972 insecundo
268 1943 340 1971 ornnes
357 1930 444 1973 abbates
462 1946 510 1973 curn
525 1930 634 1973 monacbis
647 1930 699 1973 suis:
723 1930 745 1971 in
760 1929 825 1972 tertio
841 1943 914 1972 omnes
930 1929 971 1971 ab-

56 2011 149 2055 berissae
166 2023 215 2051 cum
234 2011 432 2065 congregationibus
446 2012 499 2054 suis:
516 2012 538 2052 in
558 2018 633 2068 quarto
650 2024 723 2053 omnes
737 2008 838 2053 infantes:
859 2012 881 2052 in
896 2010 970 2066 quinto

55 2107 131 2136 omnes
148 2092 189 2135 riri
202 2089 260 2133 iaici:
284 2092 305 2132 in
323 2097 384 2133 sento
399 2104 472 2133 omnes
489 2091 575 2134 viduae:
599 2099 620 2135 et
640 2093 661 2134 in
679 2092 770 2148 septimo
784 2103 857 2134 omues
870 2090 970 2132 mulieres

54 2171 202 2229 conjugatae.“
232 2171 273 2215 Atii
292 2173 405 2229 scriptores
424 2172 480 2214 banc
498 2172 593 2215 litaniam
614 2173 655 2215 alio
676 2174 750 2216 ordine
769 2179 887 2216 recensent.
903 2169 925 2224 4)
941 2193 969 2203 -

55 2263 210 2277 Μ

78 2327 99 2372 ls)
116 2326 145 2361 De
159 2324 231 2361 diverso
244 2324 319 2369 ordine,
341 2337 377 2372 quo
390 2324 453 2361 litania
465 2323 576 2372 septiformis
588 2324 635 2372 apud
649 2325 746 2372 scriptores
760 2322 889 2361 ecclesiasticos
902 2335 968 2361 recen-

116 2401 172 2441 setur,
186 2400 204 2431 et
216 2395 272 2443 hujus
285 2394 357 2430 dissidii
368 2393 445 2430 tollendi
457 2394 535 2439 ratione,
546 2392 706 2430 conferendisunt
714 2394 828 2431 benedictini
841 2394 860 2431 in
872 2395 908 2431 vita
920 2394 968 2429 Gre-

119 2468 164 2514 gorii
178 2466 211 2502 iib.
221 2466 235 2504 1.
247 2477 284 2513 cap.
296 2477 313 2513 7·
327 2462 343 2514 §.
353 2464 378 2510 6.,
392 2463 423 2511 qui
434 2464 480 2500 baec
491 2464 564 2500 habent.
590 2466 620 2509 „G
634 2465 732 2515 Gregorius
749 2466 831 2515 publicas
848 2462 967 2512 suppticatio-

120 2545 151 2569 nes
162 2549 192 2574 seu
203 2535 276 2573 litanias
289 2534 366 2579 indixit,
391 2535 518 2582 praecepitque
532 2540 552 2572 ut
564 2536 692 2573 convenientes
709 2537 731 2573 ad
747 2542 817 2584 septem
834 2535 934 2582 designatas
948 2534 966 2569 in

123 2603 197 2640 totidem
208 2607 263 2643 Urbis
275 2605 381 2654 regionibus
393 2604 487 2652 basilicas,
500 2617 563 2643 omnes
576 2605 645 2651 clerici,
659 2607 754 2652 monachi,
767 2616 827 2641 sacrae
840 2604 924 2652 virgines,
936 2605 966 2640 in-

70 2724 71 2727 ,
125 2668 187 2713 fimitis
198 2671 244 2718 laici,
256 2677 329 2723 viduae,
341 2676 453 2725 conjugatae,
465 2675 508 2713 inde
522 2689 562 2714 cum
575 2675 686 2724 singulorum
700 2676 795 2723 regionum
808 2662 927 2723 presbyteris,
943 2676 965 2713 at

124 2744 195 2776 tanciae
208 2741 242 2778 Dei
254 2747 346 2788 genn-tricis
364 2746 456 2785 basilicam
475 2760 497 2785 ex
514 2748 604 2788 conducto
618 2759 658 2785 cnm
672 2746 756 2795 precibus
770 2752 788 2783 et
800 2746 884 2793 lacrymis
897 2756 964 2794 proce-

781 2862 789 2883 {a
