1999 2998
447 87 575 154 ...l-L

1 227 3 233 1
40 204 92 257 illis
108 204 204 263 partibus
219 206 360 263 ludaeorum,
380 209 404 252 ui
417 210 486 266 magis
498 210 531 253 'ed
548 207 634 252 fontem
649 204 785 265 baptismatis
802 218 867 263 quam
885 210 975 265 praedi·-

50 289 133 332 catione
151 288 273 347 perductos⁴
313 290 456 335 intentionem
478 293 565 349 quidem
586 289 782 346 hujuscemodict
801 287 868 332 laude
887 290 975 346 dignam

49 384 137 425 censeo,
155 377 177 413 et
192 371 220 413 de
235 371 323 414 Domini
340 374 408 429 nostri
427 373 542 415 dilectione
562 372 693 415 descendere
709 370 821 429 profiteor.
835 376 836 379 ’
857 371 976 416 Sedvhanc

48 433 147 495 camdem
162 453 312 505 intentionem,
321 452 367 496 ,nisi
384 460 508 508 competens
523 453 643 508 scripturae
657 435 730 495 sacrae
744 454 862 496 comitetur
876 453 975 508 effectus,

47 535 113 577 timeo
131 548 159 577 ne
176 540 214 576 aut
231 532 337 574 mercedis
356 545 410 589 opus
430 533 509 577 exinde
530 547 573 575 non
590 532 712 589 perveniet,
739 541 777 577 aut
799 534 862 590 juxta
883 535 973 591 aliquid,

46 605 171 658 animarum¹
184 627 237 669 quas
253 613 308 669 eripi
324 611 429 667 volumus,
444 616 501 671 qnod
512 615 575 680 absit,
593 613 705 670 dispendia
719 615 886 672 subsequantur.
910 615 972 659 Dum

46 683 104 739 onim
120 695 224 758 quispiam
244 694 271 736 ad
290 681 423 751 baptismatis
442 693 526 740 fontem
541 709 585 738 non
601 689 766 752 praedicationis
785 697 904 751 suavitate,
932 696 972 739 sed

45 776 172 821 necessitate
187 772 325 830 pervenerit,
347 775 375 817 ad
390 775 502 831 pristinam
518 776 695 834 superstitionem
709 783 818 829 remeans,
835 774 888 817 inde
903 774 971 817 dete·

44 851 89 897 rius
106 855 204 907 moritur,
220 854 278 896 unde
291 861 378 897 renatus
395 869 442 899 essa
459 856 618 901 videbatur.-·
631 854 774 900 Adhibendus
788 862 821 899 est
835 856 876 899 illis
884 859 969 909 sermo,

45 935 82 992 qui
97 941 118 978 et
137 948 235 978 errorum
250 937 272 977 in
288 936 339 992 ipsis
356 936 427 993 spinas
442 950 506 980 urere
520 936 605 992 debeat,
623 938 806 994 et'praedicando
822 939 880 994 quod
895 938 917 980 in
932 938 967 980 nis

44 1015 174 1059 tenebrescit
187 1016 305 1073 illuminem
324 1024 349 1061 ut
368 1031 409 1075 pro
428 1019 461 1061 his
480 1019 627 1062 admonitione
641 1017 749 1075 frequenti
765 1020 890 1062 mercedem
906 1020 965 1061 Fra-

43 1098 132 1140 ternitas
150 1104 219 1142 vestra
233 1099 315 1155 capiat,
338 1105 361 1141 ct
377 1112 413 1141 cos
429 1107 534 1157 quantum
551 1101 612 1144 Deus
629 1086 753 1154 donaverit,¹
773 1100 802 1142 ad
815 1112 886 1144 novae
902 1112 967 1155 rege-

43 1179 177 1221 nerationem
190 1179 247 1223 vitae
260 1181 385 1236 perducat.“
400 1179 420 1237 6)
446 1181 495 1224 Lib.
510 1183 551 1239 eid.
568 1197 602 1240 ep.
612 1185 648 1238 47.
673 1180 735 1236 „Qui
749 1181 834 1223 sincera
847 1179 968 1223 intentione

44 1267 165 1308 extraneos,
179 1275 192 1302 a
209 1261 324 1304 christiana
345 1262 448 1317 religione
473 1264 500 1305 ad
520 1263 587 1307 fidem
607 1264 708 1319 cupirent
729 1267 812 1303 rectam
836 1260 966 1315 adducerer,

42 1342 126 1397 scripsit
143 1341 250 1398 Gregorio
268 1341 383 1385 Paschasio
403 1344 503 1401 episcopo
523 1344 679 1402 Neapolitano,
710 1342 748 1386 lib.
764 1342 823 1386 XIII.
841 1343 902 1398 epist.
922 1357 965 1396 12,

42 1421 220 1478 ,‚blandimentis,
242 1438 286 1466 non
305 1423 454 1480 asperitatibus
475 1425 556 1467 debent
572 1426 671 1470 studere:
702 1437 731 1465 ne
753 1436 845 1479 quornm
866 1429 965 1466 mentem

41 1502 126 1546 reddita
139 1505 166 1546 ad
181 1505 270 1562 plenum
283 1506 338 1549 ratio
352 1511 437 1561 poterat
453 1519 577 1562 provocare,
594 1505 661 1562 pellat
672 1502 749 1558 procul
762 1504 886 1546 adversitas.
906 1505 965 1548 Nam

41 1583 172 1642 quicumque
189 1586 251 1630 aliter
266 1593 341 1642 agunt,
367 1592 390 1628 et
408 1600 444 1628 eos
460 1586 499 1628 sub
519 1587 562 1629 hoc
579 1585 686 1631 velamine
707 1599 720 1626 a
740 1589 843 1626 consueta
859 1585 914 1628 ritus
930 1587 965 1629 sui

40 1664 115 1706 volunt
134 1666 218 1710 cultura
234 1667 377 1725 suspendere,
397 1681 446 1710 suas
466 1667 498 1710 illi
518 1665 586 1722 magis
604 1678 669 1721 quam
687 1664 731 1707 Dei
752 1679 826 1707 causas
842 1666 964 1723 probantur

40 1745 158 1788 attendere.
188 1748 264 1789 ludaei
280 1748 385 1803 siquidem
400 1750 514 1805 Neapolim
531 1747 665 1800 habitantes,
681 1747 751 1801 questi
768 1746 830 1788 nobis
843 1756 905 1799 sunt,
924 1762 962 1790 as-

40 1828 206 1883 serentes'quod
223 1827 309 1883 quidem
324 1840 360 1870 eos
377 1843 390 1869 a
406 1828 534 1885 quibusdam
552 1824 657 1868 feriarum
673 1839 761 1867 suarum
776 1826 909 1870 solemnibus
926 1830 961 1870 ir-

39 1907 195 1951 rationabiliter
209 1909 305 1951 nitantur
322 1922 402 1963 arcere,
422 1922 451 1950 ne
465 1908 507 1950 illis
520 1908 548 1950 sit
562 1907 646 1949 licitum
662 1904 803 1950 festivitatum
820 1898 908 1950 suarum
925 1923 963 1952 so-

39 1990 120 2033 lemnia
135 1990 219 2045 colere,
246 1991 300 2033 sicut
319 1990 349 2033 eis
366 2004 508 2047 nuncusque
527 1996 549 2031 et
567 1986 694 2045 parentibus
717 2001 793 2030 eorum
813 1988 883 2044 longis
903 1997 962 2033 retro

40 2072 174 2126 temporibus
189 2073 250 2118 licuit
267 2073 381 2118 observare
398 2072 433 2118 vel
447 2072 525 2114 colere.
543 2093 573 2103 -
590 2091 621 2102 ·-
650 2067 765 2125 Agendum
784 2075 817 2111 est
835 2076 860 2113 nt
877 2073 960 2115 ratione

38 2151 108 2207 potius
123 2157 144 2192 et
157 2154 322 2195 mausuetudine
332 2156 449 2209 provocati,
466 2152 527 2208 sequi
542 2166 581 2193 nos
596 2150 669 2203 velint,
685 2165 729 2192 non
745 2149 832 2206 fugere:
847 2158 871 2193 ut
885 2153 915 2193 eis
931 2166 960 2194 ex

38 2245 113 2273 eorum
130 2232 238 2274 codicibus
258 2234 406 2285 ostendentes,
429 2245 485 2288 quae
501 2230 607 2282 dicimus,
633 2230 661 2270 ad
678 2230 749 2271 sinum
764 2231 840 2273 matris
857 2231 960 2275 ecclesiae

37 2312 86 2354 Deo
103 2314 209 2366 possimus
228 2314 341 2369 adjuvante
357 2320 489 2358 convertere.
526 2312 601 2368 ltaque
616 2310 750 2354 Fraternitas
767 2317 804 2354 tua
818 2324 854 2353 eos
871 2314 959 2357 monitis

39 2396 193 2408 ...a—..—

64 2430 84 2484 6)
104 2434 121 2469 A
133 2433 246 2480 Chilperico,
260 2432 357 2470 Nenstriae
369 2445 418 2482 rege,
431 2433 499 2471 multos
512 2433 591 2470 ludaeos
604 2432 627 2469 ad
640 2431 750 2481 baptismum
763 2431 834 2468 adactos
847 2443 896 2477 esse,
910 2433 961 2482 legi-

102 2517 141 2541 mus
156 2503 204 2551 apud
218 2503 328 2550 Gregorium
340 2503 469 2538 Turonensem
486 2504 510 2540 ad
523 2515 592 2540 annum
605 2502 675 2539 Christi
687 2504 730 2540 582.
745 2502 765 2537 in
780 2501 858 2538 historia
874 2503 961 2541 Franco-

101 2588 143 2612 rnrn
156 2574 188 2612 lib.
202 2574 234 2612 Vl.
249 2585 287 2622 cap.
303 2586 331 2623 ¹7·
355 2572 406 2609 Idem
418 2572 439 2607 in
452 2572 545 2611 Chilberti
556 2584 614 2622 regno
627 2573 694 2608 factum
707 2583 755 2617 esse,
773 2571 869 2619 colligitur
882 2585 905 2609 cir
918 2574 960 2611 lau-

39 2639 43 2643 ⁴
101 2646 142 2683 data
154 2646 242 2694 epistola,
267 2658 302 2694 qna
317 2656 387 2682 rnorem
400 2642 453 2679 illum
468 2642 567 2692 Gregorius
579 2645 607 2682 M.
624 2642 721 2691 improbat.
751 2642 828 2681 Confer·
842 2645 959 2684 Benedictini

101 2717 125 2752 ad
137 2716 187 2754 hunc
200 2716 267 2753 locuni.

598 2784 643 2826 02
