1999 2998
442 74 568 135 maa-

43 191 110 237 atasio
127 190 296 249 Erpatriarclrae
311 184 453 238 Antiocheno,
469 187 506 243 qui
523 202 536 229 e
552 188 604 230 sede
619 202 656 230 sua
672 190 814 233 alustiniano
831 195 904 248 pulsus
914 204 968 250 erat,

46 276 117 330 missa,
136 271 287 331 professionem
305 266 356 309 fidei
373 268 475 324 Gregorii
496 269 590 312 exhibet.
623 270 671 325 lpse
692 268 749 313 enirn
767 272 878 314 Romanus
895 279 969 330 ponti-

46 358 125 410 fexad
141 359 222 394 ceteros
237 349 370 405 patriarchas
392 351 463 393 statim
480 365 492 393 a
507 350 642 412 promotione
662 365 700 393 sua
721 352 794 394 literas
812 354 897 397 mittere
914 371 968 399 con-

45 440 153 485 sueverat,
183 429 235 475 fidei
256 433 339 474 indices
361 448 386 475 ae
403 439 484 479 [testes.
521 430 584 477 conf.
603 432 686 500 ¹Gelasii
706 434 721 476 l.
743 436 803 492 epist.
818 447 838 476 2.
860 438 887 478 ad
905 438 967 480 Lau-

43 520 144 564 rentium.

110 599 188 661 „Sicut
209 596 286 638 sancti
308 596 549 655 Euangele'iquntuar
568 595 661 650 titrosf‘
683 596 753 653 inquit
773 597 903 654 Gregorius,
920 602 968 653 ‚pia

45 690 140 745 qnutuar
156 677 254 722 coneilio
273 679 391 734 suscipere
406 684 428 720 et
444 677 554 720 venerari
573 691 609 720 me
621 679 711 735 fateor.
742 679 861 723 Nicaenum
881 682 967 735 scilicet,

228 740 234 749 ι.

44 770 66 811 in
80 778 123 822 quo
138 773 266 819 perversum
283 757 329 801 Arii
345 752 422 814 dogma
437 745 566 813 destruitur3
595 752 854 816 Constantinopolitanum
877 773 969 819 quoquc,

43 851 66 892 in
83 861 127 904 quo
145 842 248 887 Eunomii
271 847 294 883 et
307 840 430 883 Macedonii
451 853 512 882 error
526 843 669 896 convincitur5
689 842 822 898 Ephesinum
837 837 903 887 etiam
920 845 966 902 pri-

43 944 112 982 mum‚
127 928 150 969 in
165 937 208 980 quo
222 923 317 966 Nestorii
332 922 431 979 impietas
446 921 564 978 judicatum
595 923 772 966 Chalcedonense
789 937 853 976 vero,
884 926 906 967 in
926 940 969 982 quo

44 1010 162 1069 Eutychis,
192 1005 337 1061 Dioscoriqne
357 1003 451 1060 pravitas
469 1004 609 1059 reprobatur,
638 1008 683 1046 tota
700 1003 813 1046 devotione
830 1004 969 1061 complector,

46 1092 185 1150 integerrima
200 1085 355 1143 approbatione
367 1085 471 1128 custodio.
489 1108 518 1118 -
538 1086 644 1140 Quintum
662 1098 748 1141 quoque
761 1077 876 1128 concilium
889 1086 970 1143 pariter

48 1187 151 1225 veneror,
169 1171 192 1212 in
208 1182 250 1224 quo
267 1166 404 1223 crepidula,
420 1182 476 1223 quae
493 1167 543 1210 lbae
559 1167 650 1219 dicitur,
671 1167 749 1209 erroris
765 1167 839 1223 plena,
862 1167 969 1224 reproba-

47 1259 105 1303 tur.“
124 1261 165 1297 etc.
199 1250 283 1292 Eadem
298 1246 346 1290 fere
359 1250 438 1306 repetit
454 1251 515 1312 epist.
525 1249 561 1291 58.
577 1248 613 1290 lib.
623 1248 659 1292 IV.

109 1349 130 1378 2·
145 1335 182 1376 De
197 1331 273 1386 quinto
288 1330 378 1371 concilio
394 1330 542 1383 oecumenico⁷
558 1328 742 1386 Constantinopoli
755 1343 811 1372 anno
822 1330 874 1373 555.
888 1328 969 1382 habito,

45 1419 98 1478 quid
116 1413 216 1458 statuerit
232 1411 364 1465 Gregorius,
391 1409 413 1451 in
434 1411 509 1466 primis
528 1416 589 1466 patet
605 1424 632 1451 ex
652 1410 741 1467 epistola
755 1412 791 1454 51.
808 1410 848 1455 lib.
861 1411 898 1464 ll,
914 1423 969 1467 qnae

48 1516 75 1545 ex
89 1496 196 1546 omnibus,
212 1506 267 1549 quae
284 1506 297 1532 a
313 1490 421 1545 Gregorio
437 1491 459 1532 in
476 1506 539 1535 causa
555 1493 623 1535 trium
637 1491 790 1549 capitulorum
805 1493 898 1549 scriptae
912 1498 969 1543 sum,

47 1583 143 1627 niaxime
157 1574 245 1630 insignis
266 1578 304 1614 est.
335 1569 398 1613 conf.
416 1572 530 1615 Oelrichsii
546 1573 581 1614 lib.
598 1572 632 1614 cit.
650 1586 671 1628 p.
689 1573 742 1626 59¹·

118 1661 156 1713 „ln
173 1655 266 1712 synodo,
287 1653 309 1694 in
329 1652 415 1708 quade
434 1654 503 1696 tribus
521 1653 618 1711 capitulis
637 1658 709 1694 actum
732 1658 775 1704 est,
800 1659 874 1709 aperte
894 1651 968 1708 liquet,

46 1743 101 1789 nihil
120 1741 147 1782 de
165 1737 208 1779 sule
222 1734 346 1777 convulsum
364 1747 417 1786 esse,
435 1735 468 1775 vel
484 1736 618 1790 aliquatenus
627 1734 770 1785 immutatum,
783 1733 821 1774 sed
834 1733 889 1775 sicut
904 1733 969 1785 scitis,

47 1830 74 1870 de
97 1819 224 1880 quibusdam
248 1816 289 1858 illis
310 1814 445 1857 solummodo
466 1815 562 1872 personis
583 1821 615 1857 est
639 1815 762 1867 actitatum,
791 1828 881 1870 quarum
904 1817 969 1864 una,“

48 1904 202 1964 (Theodorum
219 1897 398 1953 lllopsuestenum
415 1894 528 1956 significat)
545 1898 619 1952 „cnjus
640 1896 719 1951 scripta
742 1895 854 1938 evidenter
873 1908 885 1935 a
901 1894 970 1936 recti-

47 1989 124 2035 tudine
141 1980 258 2025 catlrolicae
276 1976 327 2019 fidei
344 1976 465 2029 deviabant,
482 1990 524 2018 non
542 1977 619 2032 injuste
637 1978 737 2017 damnata
751 1977 804 2016 est.“

113 2068 134 2110 5.
159 2062 209 2107 Lib.
229 2060 263 2102 llI.
286 2060 347 2115 epist.
363 2073 399 2100 10.
423 2059 451 2100 de
475 2056 605 2110 auctoritate>
620 2063 711 2111 quatuor
730 2056 867 2098 conciliorum
886 2056 969 2108 eadem,

46 2165 103 2214 quae
117 2148 179 2205 epist.
194 2146 230 2187 25.
246 2141 282 2184 lib.
300 2155 327 2195 1.‚
345 2138 446 2195 affirmat,
461 2147 483 2182 et
499 2139 526 2180 de
542 2151 567 2179 ea
577 2138 653 2194 quarti
669 2137 753 2179 concilii
768 2136 969 2197 (Chalcedonensis)

46 2234 152 2296 quaedam
167 2224 270 2282 adjungit.

118 2313 168 2366 „Sic
189 2314 282 2364 quatuor
302 2304 396 2358 synodos
414 2308 500 2343 sanctae
519 2298 644 2341 uniuersalis
665 2297 777 2350 ecclesiae,
804 2295 858 2341 sicut
878 2305 970 2354 quatuor

49 2398 112 2442 libros
128 2390 196 2435 sancti
211 2384 316 2441 evangelii
331 2383 454 2439 recipimus.
488 2380 524 2422 De
542 2378 637 2434 personis
653 2390 710 2431 vero,
727 2379 754 2419 de
771 2378 848 2437 quibus
862 2385 908 2435 post
923 2385 970 2419 ter-

53 2478 130 2518 minum
156 2470 234 2529 synodi
257 2462 463 2527 (Chalcedonensis)
485 2460 565 2517 aliquid
583 2466 654 2502 actum
672 2456 749 2512 fuerit,
784 2461 833 2515 piae
853 2457 969 2517 memoriae

54 2555 161 2597 iustiniani
177 2551 310 2608 temporibus
329 2553 361 2588 est
374 2544 512 2598 ventilatum3
540 2544 569 2585 ita
587 2550 671 2592 tamen⁷
698 2547 722 2583 ut
735 2554 775 2583 nec
794 2539 847 2581 fides
860 2540 882 2579 in
899 2539 969 2593 aliquo

54 2635 181 2683 violaretur,
205 2647 243 2674 nec
264 2634 292 2674 de
311 2629 391 2672 eisdem
409 2627 504 2683 personis
523 2624 602 2680 aliquid
624 2621 682 2663 aliud
698 2626 808 2675 ageretur,
833 2634 895 2676 quam
913 2622 970 2676 apud

54 2715 147 2760 eandem
163 2717 254 2754 sanctam
269 2712 466 2755 Clralccdoncnsem
486 2707 593 2764 synodum
608 2702 680 2747 iuerat
700 2702 844 2746 constitutum.
872 2700 970 2746 Anatha-
