1999 2998
486 83 515 125 21

431 139 566 147 „u-—m

37 199 175 245 severitatem
191 202 284 260 aliquam
296 201 322 244 'in
338 204 540 258 paganosrusticos
559 200 664 246 ecclesiae
680 200 789 258 subjectos
807 198 905 242 adhiberi
923 215 962 241 vo-

36 283 101 328 lebat.
132 286 233 327 ianuario
249 284 314 337 enim,
330 284 430 341 episcopo
445 284 575 340 caralitano,
592 286 620 327 de
635 284 720 327 rusticis
739 281 873 347 qmbusdamv
888 281 961 328 eccle-,

36 368 80 411 siae
95 366 197 423 subjectis
213 366 250 408 lib.
258 366 293 410 IV.
308 366 368 422 epist.
380 366 415 407 25.
429 366 484 407 haec
500 364 621 421 praecepit:
643 363 741 417 „Accidit
755 364 819 421 aalide
827 363 960 419 lugendum,

36 451 86 506 quia
105 449 162 506 ipsos
179 449 280 499 rusticos,
298 457 360 500 -quos
372 445 448 487 'lia'be't
459 445 554 487 ecclesia
569 450 621 497 tua,
646 432 772 503 nuncusque
788 445 962 493 iuirrfidelitate

36 544 150 573 remanere
170 526 300 582 negligentia
316 526 467 569 Fraternitatis
486 532 570 569 vestrae
590 527 693 581 permisit.
729 527 760 571 Et
776 529 841 584 naid
857 542 898 571 ¹uos
908 556 909 559 ,
920 527 962 568 ad,-

36 627 115 666 moneo
132 617 156 652 ut
173 614 287 656 extraneos
303 607 336 648 ad
345 608 417 650 Deum
426 607 610 664 adducatis-qui
623 614 704 651 vestros
722 609 747 650 ab
765 607 960 652 infidelitatecor-

36 694 107 749 rigere
125 686 247 747 negligitis?
279 687 344 731 Unde
364 703 455 732 necesse.
471 696 504 733 est
524 703 562 734 vos
582 702 623 745 per
641 687 713 731 omnia
733 689 847 746 incorum
866 695 972 732 conver-'

36 775 118 818 sionem
135 772 230 827 vigilare.
261 771 318 814 Nam
336 770 354 812 si
370 769 595 827 cujuslibetepiscopi
608 770 631 812 in
643 769 740 812 Sardinia
756 771 824 813 insula
836 783 960 827 paganum

37 854 148 896 rusticum
165 850 268 895 invenire
280 852 391 909 potuero,
416 853 439 894 in
455 853 559 896 eumdem
574 838 704 912 episcopum
714 850 960 909 fortitercindicadc.

36 932 84 977 Jam
101 946 153 976 vero
175 932 193 974 'si
208 932 299 992 rusticus
316 938 389 975 tantae
406 930 473 976 luerit
488 932 593 990 perfidiae
612 939 634 987 et
650 930 797 975 obstinationis
812 932 916 983 inventus,
935 937 960 974 nt

31 1015 64 1057 ‘ad
79 1015 198 1057 Dominum
216 1014 289 1056 Deum
309 1014 384 1058 venire
403 1015 492 1058 minime
513 1014 643 1067 consentiat,
669 1020 731 1057 tutilo
750 1015 876 1072 pensionis
890 1026 959 1054 oriere

35 1096 176 1155 gravandus
193 1099 240 1147 est,
256 1101 282 1138 ut
300 1096 352 1153 insse
367 1098 494 1140 exactionis
512 1110 569 1140 suae
586 1109 665 1153 poena
678 1097 829 1152 compellatur·
845 1094 878 1136 ad
892 1092 960 1134 recti-

32 1177 137 1220 stndinem
152 1176 292 1231 festinarc.“
325 1176 388 1220 Haec
408 1193 457 1221 cnm
476 1178 653 1228 mansuetudine,
681 1190 746 1232 quam
771 1176 817 1217 aliis
837 1174 890 1216 locis
911 1187 960 1214 eum

36 1258 198 1301 commendasse
212 1257 311 1312 vidimus,
326 1272 369 1301 non
385 1260 506 1302 consentire
521 1259 629 1300 uidentur.
661 1258 764 1300 Ceterum
784 1258 807 1299 in
824 1256 903 1298 haere
917 1255 960 1297 mi-

36 1353 76 1381 nus
91 1338 235 1391 offendemus,
250 1340 267 1381 si
283 1331 471 1397 reputaverimus,=
483 1340 626 1396 Augustinum
643 1340 717 1393 etiam,
734 1339 826 1396 quocum
834 1337 958 1392 Gregorius

36 1420 129 1463 malebat
140 1433 219 1461 ,errare
233 1434 297 1475 quarn
315 1435 364 1463 culn
381 1422 427 1464 aliis
448 1436 497 1465 vera
513 1422 604 1472 sentire,
621 1419 679 1461 illam
698 1421 725 1462 ad
741 1420 869 1475 religionem
890 1418 958 1460 Chri-

36 1501 128 1543 stianam
156 1499 328 1556 amplectendam
354 1502 462 1544 alliciendi
487 1510 509 1546 et
534 1500 679 1558 compellendi
701 1502 759 1544 viam
782 1516 826 1543 non
845 1502 960 1555 respuisse.

38 1583 122 1638 „Quod
140 1581 200 1624 vobis
215 1583 323 1635 videtur,“
339 1583 409 1639 inquit
424 1584 447 1624 in
464 1582 502 1625 lih.
513 1583 539 1624 ll.
555 1588 629 1624 contra
644 1582 762 1625 secundam
777 1582 894 1625 Gaudentii
912 1583 961 1638 epi-

36 1663 112 1706 stolam
129 1677 221 1719 cap.17.
238 1664 330 1717 „invitos
346 1665 499 1708 adversitatem
513 1678 557 1707 non
570 1677 617 1706 esse
631 1666 745 1719 cogendos,
762 1664 844 1716 erratis,
860 1664 960 1706 nescien-

35 1752 68 1788 tes
82 1744 205 1800 scripturas·
215 1758 287 1799 neque
302 1747 403 1788 virtutem
420 1747 473 1798 Dei,
491 1747 526 1802 qui
542 1759 577 1786 ecs
593 1745 689 1788 volentes
706 1745 767 1800 facit,
785 1746 837 1787 dum
853 1751 959 1798 coguntur

36 1825 119 1868 inviti-‘⁴
139 1830 180 1865 cet.
212 1824 273 1867 Haec
294 1824 400 1866 sentiendi
421 1827 476 1867 ratio
497 1839 546 1866 cum
566 1826 667 1880 dogmate
684 1826 732 1879 illo,
762 1806 958 1867 extraeecclesian

35 1907 117 1949 nullam
134 1920 180 1948 esse
190 1907 288 1960 salutem,
304 1905 421 1948 arctissime
434 1906 543 1959 cohaeret,
559 1914 581 1949 et
597 1907 651 1948 illud
665 1903 867 1964 πολυθρύλλητον
883 1921 959 1959 „corn-

34 1989 92 2045 pelle
112 1986 218 2038 intrare“‚
238 1985 295 2029 illins
311 1987 416 2041 dogmatis
433 1988 516 2030 ratione
536 1988 620 2042 habita,
639 1989 747 2031 mitiorem
767 1989 834 2032 habet
852 1987 960 2046 significa·
996 2043 998 2053 Ι

34 2070 122 2112 tionem.
154 2070 197 2113 Sed
214 2069 240 2111 ad
258 2069 389 2126 Gregorium
406 2076 503 2124 nostrum
521 2059 662 2114 revertamur.

469 2150 487 2206 i·
503 2156 524 2199 θ’

96 2227 155 2270 Inter
171 2228 282 2282 ioannem,
302 2229 430 2284 cognomine
443 2229 590 2286 Jejunatorem
604 2227 742 2289 (νηςευτήν),
757 2231 886 2286 vrepiscopum
896 2230 957 2272 Con·
996 2237 998 2241 ’

34 2309 259 2364 stantinopolitanum‚
291 2317 313 2353 et
338 2310 469 2365 Gregorium
495 2312 523 2354 de
546 2312 609 2354 titulo
629 2311 788 2356 Pan-tarenos
811 2312 955 2365 oecznnrmtct,

35 2406 100 2450 quem
120 2391 212 2433 ioannes
232 2391 273 2434 sibi
295 2393 453 2446 vindicaverat,
474 2395 544 2450 gravis
562 2394 707 2438 controversia
727 2392 802 2436 oborta
822 2398 859 2433 cst.
890 2391 959 2434 Hune

28 2475 120 2535 'titulum
137 2473 180 2529 jam
197 2473 371 2514 antecessoribus:
385 2475 428 2514 suis
445 2490 458 2517 a
476 2476 566 2518 coneilio
583 2476 765 2527 Chalcedonensi,
786 2475 871 2529 (quarto
889 2488 960 2515 cecu-

34 2559 119 2599 menico
137 2571 155 2596 a.
173 2556 224 2597 451·
242 2551 326 2612 habito)
350 2554 456 2608 oblatum,
481 2557 520 2598 sed
539 2556 565 2598 ab
586 2557 611 2599 iis
633 2557 739 2612 rejectum
756 2568 813 2607 esse,
837 2554 959 2610 Gregorius

35 2638 133 2693 pluribus
150 2635 203 2684 loeis
222 2633 331 2678 affirmare
348 2631 443 2690 videtur,
476 2639 513 2694 qui
530 2644 555 2682 ut
569 2636 687 2694 legentium
701 2635 769 2679 oculis
783 2631 959 2694 proponantura

34 2731 58 2760 re
73 2732 116 2760 non
132 2718 226 2760 alienum
243 2725 282 2763 est.
