1999 2998
441 26 569 91 Q„-

44 147 136 202 geuitus,
163 144 185 187 iu
210 143 324 185 catholicae
346 143 398 186 fidei
422 145 551 187 rectitudine
575 154 742 190 consummatur
780 151 799 191 E
823 160 896 202 contro
915 166 966 196 vero

44 230 97 271 alius
113 226 231 270 catholicus
248 225 319 267 matris
340 232 417 267 ventre
433 226 508 278 editus,
530 227 591 283 juxta
604 228 659 270 vitoe
673 231 790 273 terminum
806 233 882 272 erroris
901 248 967 276 vors-

42 312 91 366 giue
109 311 235 349 devoratur:
253 305 304 347 alius
318 314 393 349 autern
409 308 472 350 vitam
488 322 549 350 suern
567 309 588 349 iu
605 309 708 352 catholica
726 312 806 367 pietate
823 321 965 365 consummat,

41 393 79 448 qui
92 398 150 432 ortus
163 390 187 429 in
205 386 294 443 perfidis
309 402 359 429 curn
378 389 432 430 tacte
447 390 519 432 matris
533 389 636 432 hauserat
654 391 711 434 virus
726 394 809 434 erroris.
841 391 901 435 Atius
918 392 965 433 cei—

40 472 154 514 situdiueur
178 469 234 510 bene
250 469 333 510 viventii
356 475 457 524 oppetere
477 478 498 513 et
519 471 566 514 vuit
583 478 605 513 et
622 472 687 514 vater:
715 473 770 527 alius
790 487 829 514 uec
845 474 904 525 vult,v
926 487 965 514 nec

40 554 103 598 vater.
125 550 185 593 Alius
202 548 254 600 vuit,
271 556 293 591 et
308 564 349 590 non
365 550 434 604 valot3
449 551 502 592 elius
518 550 582 603 valet,
601 558 622 594 et
639 566 679 594 uon
695 555 749 596 vult
773 555 828 613 Quis
844 568 902 610 ergo
921 555 965 595 isia

36 635 175 691 ¹jueiieiorum
203 632 334 673 ecrelestium
357 637 448 677 secreto
471 630 598 674 discutiat?
633 633 688 691 Quis
714 636 830 692 intelligat
850 640 964 676 secretum

40 720 128 760 lancem
146 714 269 770 aequitatis
283 710 401 756 occultae?
430 711 461 755 Ad
477 713 636 767 cognoscendos
656 716 737 771 quippe
757 719 811 759 istos
822 715 964 769 judiciorum

40 805 179 842 secretorum
205 795 268 836 sinus
288 794 358 836 nullus
380 794 481 836 escendit.
513 794 606 836 Dicatur
622 810 672 850 ergo
688 777 782 850 homiui,
801 803 824 838 ut
841 810 862 837 se
878 797 963 837 nescire

39 876 173 935 cognoscar<
202 874 220 932 ᾗ
240 889 275 930 77.
309 875 412 929 „Occulti
432 875 590 931 dispensatione
611 877 682 930 judieii
705 879 765 933 quod
789 879 834 919 aliis
859 878 963 933 aperitur,

37 962 84 1003 aliis
106 958 223 1011 clauditur3
254 957 310 1011 quod
332 957 380 997 aliis
404 957 521 1010 detegitur,
552 955 599 997 aliis
619 946 745 1001 occultatur.
769 980 799 990 —
820 959 884 1012 Quod
911 964 962 999 tuuc

37 1041 99 1083 nobis
115 1039 177 1080 latius
194 1026 296 1088 indotuit,
318 1050 387 1092 quum
408 1037 526 1078 Redemtor
546 1043 618 1079 noster
639 1051 677 1093 per
698 1038 861 1094 dispensationis
880 1045 961 1093 myste-

38 1124 93 1163 riurn
111 1132 226 1176 apparens,
258 1123 279 1158 et
298 1117 391 1172 indignis
416 1114 714 1172 misericordiumpraebuit,
742 1127 763 1162 et
786 1133 822 1161 eos
844 1134 856 1161 a
878 1133 902 1160 se
925 1120 961 1174 qui

37 1202 97 1257 digni
117 1199 246 1244 uidebuntur
266 1199 378 1240 exclusit.“
406 1197 476 1240 XXX.
492 1211 527 1239 si.
552 1199 621 1251 „tosti
641 1208 662 1242 et
680 1201 763 1243 occulti
779 1201 880 1242 examinis
896 1214 961 1241 meu-

36 1296 86 1325 suru
102 1281 233 1335 disponitur,
254 1286 277 1321 ut
294 1286 316 1321 et
330 1279 383 1320 istos
399 1278 497 1334 (eiectos)
514 1279 570 1320 mala
590 1280 701 1335 adjuvent,
731 1287 754 1323 et
773 1282 819 1323 ilios
838 1280 960 1337 (reprobos)

36 1365 93 1406 bona
118 1367 219 1417 groveut3
252 1359 304 1400 dum
324 1365 346 1400 et
369 1358 404 1399 isti
424 1358 451 1398 sd
472 1366 598 1412 provectum
622 1360 671 1402 boni
695 1368 787 1404 utuntur
808 1362 889 1405 leuibus
911 1376 960 1402 ma-

36 1446 72 1496 lis,
105 1449 126 1485 et
151 1442 183 1483 ilii
205 1441 234 1483 sd
263 1445 402 1495 augmentum
433 1436 482 1479 mali
509 1445 601 1482 utuntur
627 1442 719 1484 minimis
745 1443 827 1484 bonisr‘
852 1441 959 1485 XXXIX.

36 1528 72 1568 45.
99 1523 230 1577 „Occultum
257 1522 359 1577 judicium
384 1520 422 1576 pie
451 1533 515 1574 super
544 1535 584 1562 nos
604 1520 710 1578 justeque
741 1524 870 1579 disponitur,
902 1537 959 1578 quo-

35 1607 100 1648 rnodo
119 1605 153 1646 edii
173 1603 268 1659 perdunt
284 1602 340 1658 quod
360 1609 436 1643 tenere
451 1601 589 1653 videbuntur,
614 1604 684 1644 etalii
701 1604 819 1658 accipiunt,
842 1605 899 1659 quod
920 1603 956 1643 aiii

35 1702 62 1729 ex
83 1685 163 1727 rueritis
186 1683 301 1738 perdunt.⁴‘
320 1682 392 1724 XXV.
413 1682 447 1723 18.
469 1680 554 1731 „Juste
578 1696 606 1723 ae
627 1665 806 1725 misericorditer
824 1684 957 1739 singulorum

34 1769 99 1809 eorda
113 1765 147 1809 vet
163 1764 295 1815 exuuiiusus,
311 1763 344 1805 vei
362 1763 476 1818 disponens
491 1761 635 1818 (ounripotens
651 1761 726 1818 Deus),
746 1764 797 1805 atios
812 1766 832 1806 iu
849 1766 957 1806 exteriora

33 1848 126 1903 respuit,
147 1845 200 1886 aiios
215 1845 237 1885 iu
255 1858 290 1897 ea,
307 1850 428 1899 quaesunt
446 1844 584 1892 intrinsecus,
606 1841 679 1883 trehit:
698 1843 739 1887 hos
757 1847 853 1888 accendit
872 1848 956 1886 interna

34 1936 147 1984 appetere,
171 1925 219 1965 ilios
243 1938 282 1980 pro
299 1924 443 1980 uoluptatibus
464 1924 507 1966 suis
526 1923 607 1965 deserit
624 1924 729 1965 exteriore
748 1927 850 1979 cogitare:
876 1925 956 1966 horum

34 2014 129 2050 mentem
143 2005 170 2046 ud
187 2018 280 2060 superna
295 2006 364 2058 erigit,
380 2005 465 2045 iilorum
479 2004 602 2059 superbiam
620 2005 641 2044 iu
658 2004 748 2045 infirmis
768 2005 878 2046 desideriis
895 2019 955 2046 ruer-
994 2008 995 2011 ’

3 2130 5 2132 ,
33 2092 69 2145 git.
99 2088 182 2130 Aliena
203 2091 279 2127 {retient
294 2087 366 2128 eorda
381 2085 486 2127 teutmarus
502 2085 574 2126 ortilis
589 2084 750 2135 deusserint,
769 2091 790 2126 et
804 2088 903 2128 nescitur
918 2088 956 2142 qui

33 2170 165 2225 inpeditum
189 2169 243 2225 qttiu
256 2167 379 2224 penetrari
397 2172 520 2224 nequeunt,
538 2177 599 2220 quae
618 2162 648 2204 ab
666 2180 796 2221 unoquoque
816 2158 953 2223 rogitantur.

33 2251 88 2305 Quis
110 2249 222 2290 houriiuuu
245 2250 355 2289 aestimare
376 2247 491 2303 potuisset,
517 2247 595 2288 dudum
614 2246 695 2287 vivendi
717 2253 798 2288 sortem
819 2247 882 2288 etiem
906 2253 955 2303 post

32 2329 172 2373 ministerium
193 2329 327 2382 Apostolutus
348 2326 465 2369 amitteret
495 2327 522 2368 Et
538 2327 587 2380 quis
605 2339 616 2365 e
635 2332 707 2366 contra
728 2325 833 2368 latronem
854 2328 954 2368 erederet

33 2423 117 2451 eausam
134 2409 189 2450 ritae
212 2409 277 2449 elisur
300 2408 321 2448 iu
340 2409 387 2463 ipso
404 2405 492 2447 articulo
512 2405 587 2446 mortis
609 2403 719 2454 invenire?
759 2406 865 2450 Oeeuidus
879 2415 953 2448 autem

31 2492 96 2544 judex
118 2490 258 2547 praesidens,
296 2495 438 2543 utrorumque
467 2486 529 2527 cordu
556 2486 696 2539 discernens,
727 2487 820 2530 aiterum
845 2490 881 2543 pie
906 2493 952 2527 stu-

31 2573 79 2622 tun,
96 2572 186 2613 alterurn
204 2569 269 2624 juste
288 2567 403 2624 confregit.
433 2568 493 2609 ilium
509 2569 607 2610 districte
623 2569 715 2609 exterius
731 2568 822 2623 reputit,
843 2567 898 2607 hune
917 2568 952 2607 iu-

29 2660 112 2694 uorsus
129 2652 295 2694 misericorditer
305 2652 392 2693 traxit.“
412 2663 444 2704 19·
461 2650 551 2704 „Subtiii
572 2650 699 2704 oeerrlleque
719 2648 800 2703 judicio
820 2662 951 2703 equorum-
