1999 2998
504 51 520 93 11

448 99 573 114 dna-m--a

55 172 167 231 Ruspensi.
180 164 251 231 paullo
266 177 315 215 ante
329 148 425 212 mortem>
436 167 578 222 propositam,
602 165 691 223 „qualia
700 178 746 210 csse
763 165 842 215 debeat
856 168 902 213 ,dux
916 167 970 219 reli7

56 257 128 313 giosus
145 239 167 298 in
184 253 264 298 actibus
285 243 441 310 militaribus?“
460 246 555 304 produnt
574 247 644 291 virum
661 246 748 304 pietatis
767 247 895 293 christianae
911 250 970 293 haud

55 336 167 403 infucatas
181 347 242 377 sensu
261 329 381 382 imbutum,
402 329 575 398 eundemque
568 342 693 386 ingenuum
709 335 731 372 et
750 329 819 373 libere
837 331 975 389 loquentem,

57 400 142 476 Septem
157 415 332 471 praeceptorum,
362 425 417 467 quae
434 412 516 464 tradit,
539 409 597 475 hic'
591 426 613 462 m
629 403 713 469 primis
719 412 859 455 memorabile
876 420 907 457 est
922 412 970 469 pri--

56 511 119 550 mum,
136 509 178 553 quo
193 492 291 535 comitem
308 493 336 535 de
351 494 507 549 Pelagianisrno
523 508 578 536 eum
592 493 729 536 dehortatum
744 508 789 548 csse
807 491 876 539 facile
884 494 969 537 intelli-

53 579 117 635 gitur.
153 574 258 630 „Gratiae
277 574 321 617 Dei
339 576 468 630 adjutorium
488 574 526 618 tibi
546 575 690 620 necessarium
709 590 756 632 per
777 582 843 619 actus
866 575 969 633 singulos

55 660 129 712 crede,
145 656 217 699 dicens
233 659 284 698 cum
301 655 403 714 Apostolo
420 655 441 715 (ι
453 656 501 699 Cor.
519 659 557 710 15,
574 655 620 713 10):
650 656 727 700 Gratia
743 657 785 707 Dei
804 671 852 700 sum
871 657 893 700 id
911 656 969 713 quod

53 740 119 783 snm.“
148 738 260 779 Summam
277 732 396 782 doctrinam
413 739 519 792 inculcat,
537 738 662 792 „neminem
677 739 731 790 'cirac
744 738 827 796 gratio
845 738 892 781 Dei
906 741 969 779 recle

53 820 194 876 intelligere,
204 820 316 868 neminem
327 817 392 875 juste
406 823 505 865 viucr·e.“
536 804 660 873 „Dominus
672 821 752 875 enim,“
769 818 845 877 pangit,
866 817 918 871 „dat
933 817 969 858 iu-

50 900 296 955 tellectnmpDonrinus
311 915 375 958 quem
395 903 493 957 voluerit,
510 902 632 962 religiosum
649 899 708 945 facit.
739 901 804 946 Nihil
819 901 870 943 boni
883 913 912 943 eac
929 910 968 941 nu-

50 982 83 1024 aa
100 980 231 1025 inclamant
248 1005 278 1013 -
310 984 358 1026 Nec
373 974 513 1041 praeceptum
532 991 630 1036 sextum,
652 997 695 1039 quo
715 983 768 1024 illud
785 983 843 1040 quod
859 979 969 1024 Salomoni

49 1062 115 1118 vulgo
129 1062 232 1106 tribuitur
248 1058 316 1122 (Eccl
332 1078 353 1121 7,
372 1066 422 1122 17),
440 1067 503 1109 ctiam
518 1073 582 1123 atque
598 1065 662 1108 etiarn
680 1063 824 1117 commendat,
838 1062 904 1117 „noli
917 1076 968 1106 esse

49 1142 256 1207 malsamitorum<
272 1146 359 1202 pedc'
343 1152 424 1212 siccot
415 1147 569 1193 transeundum
584 1153 623 1189 est

114 1226 248 1282 Facundus,
267 1227 378 1283 episcopus
392 1228 494 1270 ecclcsiae
510 1226 693 1271 Hermionensis'
688 1240 709 1267 m
724 1223 832 1282 provincia
846 1224 967 1279 Byzanenm

48 1320 105 1363 quae
120 1314 167 1351 erat
184 1321 227 1350 una
243 1322 270 1350 ex
288 1315 383 1365 septem,
402 1308 479 1365 quibus
497 1310 609 1353 dioecesis
614 1306 719 1351 Africana
734 1305 854 1358 constabat,
876 1304 967 1348 etrinm

48 1380 300 1442 capitulorumhistoria
320 1389 371 1431 satis
390 1387 490 1444 cognitus
509 1398 547 1434 est.
584 1389 670 1432 Floruit
690 1390 747 1430 circa
769 1387 865 1440 medinm
883 1392 968 1429 sextum

49 1468 169 1520 saeculum,
189 1474 212 1512 et
230 1469 321 1512 decessit
342 1469 398 1511 circa
420 1484 499 1513 annum
520 1473 571 1526 570.
607 1470 681 1527 Opera
699 1450 754 1524 ejus,
770 1481 825 1524 quae
841 1467 968 1509 Sirmoudus

49 1550 72 1591 in
88 1548 193 1605 operibus
209 1550 282 1591 variis
298 1549 347 1592 Vol.
360 1549 385 1591 Il.
405 1549 501 1593 Venetiis
522 1553 600 1607 ¹7²3·2
633 1557 679 1593 turn
700 1537 870 1595 Gallandiusin
889 1547 917 1590 Τ.
929 1548 966 1589 xl.

49 1628 193 1680 bibliothecae
209 1630 297 1672 Patrum
315 1632 390 1685 edidit,
403 1630 516 1686 Augustini
530 1630 705 1692 studiosissimum
722 1629 835 1683 cultorem,
854 1636 877 1672 ct
895 1644 906 1671 a
925 1630 967 1671 Se-

47 1709 240 1765 mipelagianorum
262 1712 358 1767 partibus
377 1715 471 1755 inarime
487 1713 625 1756 dissidentem
642 1700 743 1768 produnt.
774 1711 798 1752 lu
817 1710 872 1751 libro
892 1716 967 1751 contra

48 1788 170 1831 aloniacum
191 1790 237 1834 sive
253 1791 377 1834 Mucianum
393 1795 555 1847 scholasticum,
578 1794 614 1850 qui
631 1794 770 1835 assertionem
789 1804 861 1843 sunm,
890 1789 967 1845 impios

48 1869 173 1932 incerdens
189 1884 234 1912 esse
251 1870 353 1912 ferendos
369 1873 396 1914 ab
411 1888 480 1929 caque
496 1888 539 1916 non
553 1874 691 1924 coercendos,
706 1870 899 1926 multisAugustini
914 1870 966 1913 locis

50 1947 179 1992 confirmare
195 1956 284 1999 conatus
298 1958 355 2004 erat,
384 1954 411 1995 dc
425 1953 505 1997 Fausto
524 1953 561 1995 illo
576 1953 678 2008 Regiensi
695 1952 866 2008 semipelagiano
881 1966 967 1995 asseve-

49 2037 93 2073 rat:
115 2031 222 2083 „Faustus
238 2032 313 2074 Gallus
329 2034 351 2075 in
369 2035 493 2090 quaestione
504 2034 567 2077 liberi
584 2034 677 2086 arbitrii,
695 2033 750 2075 male
765 2033 878 2076 intellectis
895 2040 917 2075 et
927 2034 966 2075 in·-

50 2124 145 2165 congrue
163 2112 261 2156 adhibitis
279 2115 343 2170 ipsius
362 2115 419 2157 beati
437 2114 549 2172 Augustini
564 2108 686 2167 sententiis,
711 2113 799 2157 fallebat
817 2123 839 2157 et
852 2116 873 2157 in
891 2129 966 2158 assen-

51 2191 132 2234 sionem
154 2194 185 2234 sui
204 2196 281 2237 erroris
299 2197 414 2240 inducebat
431 2199 536 2255 incantos5
566 2199 603 2255 qui
622 2194 694 2241 tamen
712 2212 725 2239 a
742 2203 828 2239 sanctae
848 2197 966 2240 memoriae

52 2272 165 2330 Fulgentio
176 2274 283 2333 Ruspensi
292 2278 387 2321 detectus
398 2270 461 2334 atque
472 2281 580 2322 convictus
589 2281 642 2321 est.“
664 2278 728 2333 Apud
737 2277 875 2320 Galiaudiurn
883 2292 904 2333 p.
914 2279 965 2320 811.

111 2354 214 2398 Jootttos
230 2370 293 2410 vero,
325 2372 352 2401 ex
367 2359 449 2415 vulgari
464 2359 571 2403 sententia
588 2358 699 2416 episcopus
712 2357 837 2411 Africanus,
867 2357 903 2415 qui
918 2365 966 2413 post

56 2433 144 2478 medinm
161 2439 271 2481 saeculum
287 2448 371 2484 sextum
390 2439 490 2494 florebat,
515 2440 633 2484 doctrinam
649 2439 824 2496 Augustinianam
846 2438 966 2495 anthropo-

18 2527 20 2531 ·
57 2507 146 2566 logicam
167 2533 208 2563 non
227 2522 315 2563 omnino
331 2523 442 2579 amplexus
461 2537 505 2566 csse
526 2522 623 2575 videtur,
656 2523 753 2579 quamvis
775 2521 857 2576 gratiae
880 2521 965 2565 divinae

58 2592 108 2643 rim,
125 2593 152 2634 de
169 2603 244 2649 quain
260 2603 293 2647 his
311 2590 492 2661 disputationibus
504 2605 529 2647 ⁴in
544 2605 618 2662 primis
634 2605 725 2660 agitur,
736 2616 779 2646 non
793 2601 891 2644 subtilius
908 2600 964 2644 defi-

54 2672 126 2716 nierit.
156 2674 217 2718 Libri
233 2681 275 2734 ejus
291 2686 332 2730 duo
347 2689 376 2732 dc
390 2686 496 2746 partibus
510 2687 601 2734 divinae
619 2688 687 2747 legis,
707 2685 744 2743 qui
758 2685 822 2727 etiam
837 2685 867 2727 ad.
878 2684 964 2736 canonis
