1999 2998
426 55 552 120 Q

22 189 63 234 pro
83 182 140 218 statu
161 174 228 227 sumi,
252 174 274 215 in
297 189 341 230 quo
360 189 373 216 a
394 174 476 231 peccati
499 173 646 216 dominaIIone
669 171 733 218 liberi
756 188 841 229 sumus,
855 181 857 186 ⁴
873 181 904 220 est
927 176 949 219 ln

24 263 133 314 promptu,

94 335 218 390 „biberem
236 334 358 380 arbitrium
373 336 396 380 io
410 334 598 393 bono-firmetur
614 335 701 390 eiectio,
720 349 786 395 quum
802 349 876 380 eorum
891 349 951 380 inens

25 434 38 462 a
57 419 149 462 terrenis
170 418 282 461 desideriis
304 419 373 474 gratia
392 417 498 475 aspirante
517 417 678 474 suspenditur.“
715 418 772 462 Mor,
793 418 894 461 XXXIII.
915 420 951 473 59.

24 500 137 558 „Reprobi
154 499 242 555 quidem
259 500 325 544 corda
339 514 376 543 sua
387 513 429 543 non
445 498 532 553 habent,
548 499 598 555 quia
615 513 645 541 ea
657 499 755 542 diabolus
771 499 870 556 possidet.
888 500 952 542 Unde

26 589 48 626 et
64 583 91 625 de
107 581 219 638 proditore
240 581 321 624 dicitur
339 577 406 639 (ioan.
425 581 463 636 15,
483 577 529 641 a.)1
548 581 624 635 Quum
642 580 741 623 diabolus
760 582 802 636 jam
820 582 911 624 misisset
930 580 951 623 in

27 677 71 718 cor,
90 669 113 705 ut
128 662 225 704 traderet
240 675 291 704 cnm
308 663 372 705 Iudas
386 661 478 704 Simonis
493 662 610 705 Iseariotes
642 663 665 705 Si
682 662 739 705 enim
749 651 868 705 Judas'cor
883 675 952 715 suurn,

26 753 49 790 et
62 742 105 788 non
119 742 219 786 diabolus
234 744 360 799 possideret,
374 744 420 801 ipsc
433 744 503 800 potius
517 745 540 786 in
554 758 580 786 eo
595 743 690 798 bonum,
707 757 771 800 quam
787 742 884 785 diabolus
905 757 953 785 ma-

25 828 186 882 Imnponeret.
219 825 270 880 Quo
288 833 361 869 contra
385 826 467 869 electus
486 826 519 870 vir
539 826 636 882 loquitur
655 825 714 882 (lobi
735 827 775 879 15,
797 825 849 879 ab),
870 825 952 866 dicens:

25 908 126 952 Animam
141 920 213 948 meam
231 914 294 962 porto
314 908 336 948 in
360 907 458 949 manibus
478 909 536 950 ineis.
563 908 625 961 Quid
646 908 704 948 enim
723 907 781 948 aliud
799 919 875 947 manus
891 905 953 947 electi

26 996 69 1042 est,
99 1002 164 1043 quarn
181 993 276 1042 potestas
293 988 391 1029 internae
408 985 527 1031 libertatis?
557 987 618 1042 Quid
635 999 688 1042 ergo
705 986 725 1028 ei
744 992 787 1038 est,
818 986 911 1027 animam
931 985 953 1027 in

27 1069 125 1112 manibus
142 1072 241 1124 portare,
262 1067 302 1108 nisi
323 1066 422 1110 internae
442 1068 545 1111 libertatis
565 1069 657 1124 gloriam
675 1068 698 1110 in
717 1072 824 1124 potestate
842 1062 952 1108 retinere?

27 1151 213 1206 Quotiescumque
229 1161 281 1204 ergo
295 1149 389 1203 graviter
403 1148 553 1205 delinquimus,
568 1162 605 1191 cor
619 1156 718 1193 nostrum
733 1162 828 1191 noanon
843 1146 953 1189 habemus.

27 1227 102 1288 Quare
119 1236 141 1272 ei
155 1229 262 1271 Ieremias
278 1229 367 1271 Iudaico
387 1228 467 1285 populo
483 1230 576 1284 graviter
592 1229 728 1285 delinquenti
744 1229 903 1285 improperans,
924 1221 964 1270 ait*

27 1313 117 1367 (ierem.
132 1311 153 1360 5,
170 1308 228 1365 21.):
246 1308 304 1351 Audi
321 1306 401 1363 popule
418 1309 498 1362 stulte,
513 1316 535 1352 et
552 1311 589 1366 qni
608 1323 652 1350 non
668 1308 738 1350 *habes
756 1322 799 1350 cor.
828 1308 886 1349 Hinc
901 1308 953 1351 item

25 1404 140 1434 conversus
158 1389 214 1430 alter
229 1387 338 1443 Propheta
347 1384 467 1445 (Derides)
482 1390 531 1432 Deo
545 1389 669 1441 confitetur,
684 1390 757 1430 dicens
771 1387 793 1445 (a
804 1389 859 1444 aeg.
869 1402 889 1442 7,
899 1388 953 1443 27.).·

27 1470 111 1515 Invenit
126 1482 202 1512 servus
220 1474 271 1511 tuus
286 1481 323 1510 cor
339 1470 424 1509 suum.“
448 1470 511 1524 lib.
525 1471 550 1512 II.
565 1471 586 1512 in
601 1471 666 1526 prim.
681 1469 736 1525 Reg.
750 1469 806 1525 Cap.
822 1482 841 1510 1.
857 1467 875 1525 §-
889 1482 908 1510 2.

95 1550 183 1592 Eiectos
203 1547 271 1602 ipsos,
297 1550 416 1590 secundnm
433 1559 531 1594 naturam
553 1566 592 1608 per
611 1550 689 1594 Adarni
716 1556 829 1605 peccatum
852 1550 953 1603 vitiatam,

29 1646 73 1675 non
91 1630 117 1672 ab
132 1627 234 1671 omnibus
252 1629 347 1682 peccatis
364 1642 404 1684 per
417 1630 473 1671 lianc
489 1633 553 1675 vitam
567 1632 649 1673 IIberos
663 1643 717 1681 esse,
735 1643 747 1671 a
762 1628 869 1684 Gregorio
883 1630 954 1673 multis

26 1713 78 1755 Iocis
95 1709 223 1754 affirmator.
255 1707 299 1749 Sed
315 1715 403 1764 peccata
414 1712 525 1753 commissa
541 1711 634 1752 lacrimis
648 1717 671 1752 et
683 1708 743 1750 bonis
753 1708 854 1764 operibus
863 1709 953 1754 diluunt.

96 1791 170 1846 „Quia
189 1788 289 1843 exigente
312 1802 376 1832 causa
393 1789 465 1834 David
483 1792 510 1834 ad
532 1792 627 1834 medium
651 1791 756 1843 deducto,
780 1792 834 1833 tanti
855 1789 955 1834 facinoris

28 1875 155 1918 memoriam
171 1870 271 1923 fecimus,
289 1870 375 1913 lectoris
392 1869 482 1914 fortasse
501 1873 584 1915 animus
602 1878 715 1925 movetur,
737 1884 776 1913 eur
798 1886 835 1914 eos
854 1874 955 1927 omnipo—

30 1963 78 1998 tens
97 1955 164 2006 Deus‚
180 1966 235 2008 quos
250 1952 273 1993 in
289 1959 418 2008 perpetuum
434 1953 509 2008 elegit,
524 1968 577 2010 quos
593 1955 621 1997 ad
637 1954 745 1996 donorum
762 1966 848 2008 quoque
869 1953 955 2009 spirita-

28 2037 82 2079 lium
100 2035 188 2076 culmen
206 2033 316 2084 assumsit,
339 2032 423 2074 illaesos
441 2047 453 2074 a
470 2035 629 2089 corporalibus“
651 2034 674 2091 (i.
690 2026 714 2075 'e.
736 2028 865 2091 carnalibus)
885 2033 955 2086 „vitiis

28 2132 72 2160 non
90 2116 191 2159 custodit.
207 2137 238 2145 -
267 2113 370 2157 Nonnulli
390 2127 430 2170 per
448 2120 543 2171 acceptu
561 2116 622 2158 dubo
641 2115 821 2170 obtutum-per
836 2115 954 2170 impensam

27 2197 118 2254 gratiam
138 2195 247 2238 bonorum
265 2210 367 2252 operum,
391 2196 413 2237 in
429 2194 542 2251 superbiae
558 2196 633 2239 vitium
651 2195 742 2247 cadunt,
766 2195 804 2236 sed
822 2203 893 2238 tamen
913 2210 955 2252 quo

30 2279 153 2329 ceciderint,
171 2292 214 2319 non
227 2283 365 2332 cognoscunt.
396 2277 490 2318 Proinde
507 2284 580 2320 contra
595 2291 632 2320 eos
648 2277 714 2318 hostis
729 2276 834 2331 antiquus,
849 2277 897 2332 qnia
912 2277 955 2333 jam

31 2359 121 2403 interius
137 2358 268 2408 dominatur,
286 2358 351 2398 etiam
367 2357 461 2398 exterius
474 2358 555 2398 saevire
570 2359 712 2412 permittitur:
740 2362 765 2399 ut
779 2358 814 2414 qui
834 2358 855 2399 in
874 2360 956 2414 cogita-

31 2442 90 2485 tione
106 2437 168 2480 elccti
187 2443 245 2491 sunt,
257 2450 303 2493 per·
322 2438 400 2478 curnis
416 2437 529 2479 luxuriam
543 2443 727 2494 prosternuntur.
743 2460 773 2470 -
804 2439 840 2483 Fit
858 2440 956 2496 plerum-

34 2536 82 2577 que,
100 2527 123 2562 nt
138 2518 237 2561 nonnulli
252 2525 301 2573 post
317 2517 439 2573 superbiam
456 2518 477 2559 in
493 2518 599 2560 luxuriam
616 2526 755 2572 corruentes,
774 2534 802 2562 ex
818 2526 893 2575 aperto
907 2534 955 2563 casu

35 2603 114 2646 nialnrn
131 2601 208 2657 cnlpae
224 2601 308 2642 latentis
324 2599 463 2655 erubescant,
477 2607 497 2643 et
512 2606 563 2642 tunc
577 2600 643 2642 etiarn
660 2600 741 2654 majora
757 2600 873 2654 corrigunt,
889 2615 954 2657 quum

35 2684 138 2741 prostrati
154 2683 176 2723 in
192 2683 285 2726 miminis
301 2683 386 2739 gravIus
401 2679 567 2727 confunduntur.
601 2681 662 2727 Reos
682 2680 740 2724 enIm
760 2693 783 2723 se
799 2680 855 2725 inter
873 2683 955 2727 minora
