1999 2998
496 68 527 109 88

455 119 582 133 *ἢ

121 184 180 228 Alius
199 185 258 226 locus
276 181 389 226 fortiorem
410 181 474 226 etiam
491 185 590 228 colorem
608 180 698 255 Augus
693 184 788 228 mianum
805 185 921 241 exhibet,
930 190 976 242 scd,

56 267 74 308 si
89 265 206 309 accuratius
221 265 243 306 in
260 278 309 307 eum
324 265 457 321 inquirimus,
473 278 565 309 sensum
578 279 622 308 non
639 279 700 307 mere
716 265 895 322 Augustinianum
911 281 978 323 prae-

58 346 103 397 bet,
133 358 199 401 quum
219 343 281 386 liberi
301 344 385 389 arbitrii
407 345 585 404 cooperatoris,
617 359 673 403 quae
693 345 720 388 ab
738 345 852 403 Augustini
871 350 978 391 sententia

55 426 135 467 mirum
151 431 254 480 quantum
269 411 361 480 recedit,
380 427 510 470 mentionem
527 427 615 482 injiciat

121 506 224 560 „Libet,“
243 507 314 563 inquit
331 507 467 564 Gregorius,
481 507 553 558 „inter
567 506 621 553 haec
640 507 719 549 mentis
734 506 807 550 oculos
822 507 850 550 ad
866 507 927 551 illum
943 506 979 551 la-

55 593 141 629 tronem
155 587 270 641 reducere,
289 590 327 646 qui
342 589 369 631 dc
387 586 449 630 fauce
470 585 551 628 diaboli
568 587 664 630 ascendit
680 601 773 640 crucem,
789 589 817 629 dc
831 602 895 632 cruce
910 603 978 647 paru—

55 667 132 709 disum.
160 667 287 712 intueamur
300 669 368 726 qualis
384 670 410 716 ad
426 666 544 725 patibulum
559 665 654 721 venerit,
670 674 695 710 et
709 682 721 708 a
741 667 837 724 patibulo
853 671 921 726 qualis
935 671 978 714 ab·

54 749 135 791 scessit.
166 748 233 808 Venit
247 764 295 793 reus
306 748 404 809 fraterno
419 749 530 805 sanguine,
546 750 606 793 venit
619 755 728 802 eruentus,
743 749 781 791 sed
792 750 883 801 intertui
894 752 978 808 grutid

55 836 88 872 est
104 836 199 874 mutatus
215 831 237 872 in
252 845 326 873 cruce:
337 837 361 873 et
376 830 412 872 ille
426 831 464 887 qui
478 827 654 879 mortemfratris
666 828 745 884 intulit,
760 831 876 874 morientis
887 832 977 880 Domini

54 910 120 953 ritam
135 912 273 966 praedicavit,
288 913 372 956 diceus:
387 912 497 955 Memento
506 913 563 964 mei,
571 911 671 962 Domine,
688 911 740 951 dum
753 909 837 953 veneris
853 905 977 968 inregnuru

53 997 122 1032 tuum
153 990 177 1031 ln
201 1005 277 1034 cruce
286 992 339 1036 clavi
358 1002 445 1035 manus
456 993 501 1047 ejus
521 993 629 1048 pedesque
646 990 674 1032 tio
662 996 774 1044 gaserant,
796 990 915 1047 nihilque'
908 1005 931 1034 ru
950 1006 977 1034 eo

54 1085 67 1111 a
85 1072 159 1127 poenis
176 1070 267 1113 liberum
284 1073 323 1114 nisi
344 1085 382 1113 cor
402 1079 424 1114 et
440 1072 512 1126 lingua
531 1075 684 1114 remanserant.
721 1070 855 1127 Inspirtune
833 1073 921 1115 tDeu
939 1080 976 1115 to-

54 1158 102 1194 turn
114 1152 145 1195 illi
161 1152 316 1209 obtulit,‘quud
333 1153 394 1196 inse
410 1152 503 1194 liberum
519 1151 609 1204 invenit,
625 1157 649 1192 ut
664 1151 725 1207 juxta
741 1151 783 1193 hoc
801 1152 858 1208 quod
871 1150 976 1207 scripturn

55 1239 98 1276 est:
120 1233 195 1276 Corde
214 1235 320 1276 crederet
340 1231 514 1288 adjustitiam,
531 1245 578 1274 ore·
592 1230 742 1285 confiteretur
758 1233 791 1275 nd
810 1233 919 1274 sulutem
950 1232 976 1273 ln

53 1313 119 1354 corde
137 1320 209 1355 autem
223 1311 322 1354 fidelium
338 1320 381 1356 tres
395 1327 533 1370 summopere
549 1326 637 1364 manere
651 1313 741 1356 virtutes
754 1319 844 1355 testatur
853 1310 976 1368 Apostolus,

53 1393 136 1435 dicens:
155 1391 223 1436 Nunc
239 1398 316 1436 autem
330 1400 423 1437 manant
431 1393 506 1449 fides,
523 1407 584 1450 spes,
599 1393 692 1437 caritas.
726 1395 786 1449 Quas
800 1399 887 1435 cunctas
905 1391 977 1435 subita

52 1474 148 1530 repletus
164 1475 232 1530 gratia
254 1480 276 1516 et
296 1475 466 1531 accepit‘larro,
489 1482 511 1517 et
527 1474 620 1517 serravit
639 1475 661 1516 in
682 1488 753 1516 cruce.
785 1474 865 1517 Fidem
882 1484 977 1529 namque

53 1554 137 1605 habuit,
156 1555 193 1610 qui
207 1561 348 1610 regnaturum
364 1556 483 1597 Dominum
498 1555 597 1606 credidit,
614 1567 677 1611 quern
693 1569 766 1596 secum
782 1556 862 1610 pariter
878 1553 977 1595 morien-

54 1642 98 1677 tem
117 1635 179 1688 iidit3
206 1649 268 1690 spem
284 1635 360 1676 habuit
380 1635 416 1690 qui
433 1634 494 1688 regni
513 1634 559 1689 ejus
576 1636 657 1676 aditum
676 1628 801 1690 postulavit,
821 1636 902 1676 dicens:
922 1632 976 1676 Me-

52 1722 126 1758 mento
142 1715 192 1767 mei,
206 1714 308 1765 Domine,
327 1715 380 1754 dum
397 1715 481 1756 veneris
499 1716 521 1755 in
539 1727 629 1768 regnum
646 1720 714 1755 tuum.
746 1715 871 1756 Caritatem
889 1725 976 1769 qnoque

52 1797 74 1837 in
89 1801 159 1838 morte
172 1808 210 1836 sua
227 1793 331 1838 vivaciter
344 1795 421 1846 tenuit,
439 1792 476 1849 qui
492 1790 581 1835 fratrem
599 1799 620 1834 et
634 1792 774 1835 collatronem
790 1808 829 1850 pro
845 1793 908 1835 simili
924 1805 976 1834 sce—

51 1876 98 1917 lere
115 1876 244 1917 morientem
260 1881 281 1916 et
300 1874 327 1915 de
346 1874 458 1929 iniquitate
474 1888 511 1914 sua
529 1874 611 1928 arguit,
628 1880 650 1916 et
667 1874 687 1915 ei
705 1875 769 1917 vitam
784 1889 847 1930 quam
865 1886 975 1928 cognove-

53 1963 94 2008 rat,
113 1955 251 2011 praedicavit,
269 1954 351 1995 dicens:
374 1955 450 2009 Neque
467 1959 490 1995 tu
507 1955 570 1996 times
590 1955 675 2006 Deum,
698 1955 735 2010 qui
752 1955 774 1995 in
790 1955 864 1995 eadem
882 1966 904 1995 es
919 1966 974 1994 con-

54 2038 199 2080 demnatione.
225 2035 254 2078 Et
269 2048 308 2076 nos
323 2034 410 2090 quidem
427 2033 481 2088 juste
487 2046 493 2087 3
508 2047 556 2075 num
573 2036 637 2089 digna
653 2033 715 2075 factis
735 2034 858 2089 recipimus:
872 2033 908 2075 hic
922 2046 974 2076 vero

52 2118 107 2159 nihil
124 2117 175 2158 mali
192 2116 262 2171 gessit.
293 2114 331 2156 llle
347 2114 384 2169 qui
399 2114 448 2157 talis
464 2115 490 2155 ad
507 2128 593 2156 crucem
610 2114 668 2159 venit
684 2128 711 2155 ex
728 2114 797 2170 culpa,
811 2129 861 2156 ecce
878 2114 945 2170 qualis
961 2126 975 2155 a

53 2211 118 2240 cruce
138 2196 221 2239 recedit
240 2211 267 2239 ex
287 2195 378 2252 gratia.“
409 2193 467 2238 Mor.
485 2195 561 2238 XVlll.
589 2195 624 2240 64.
658 2194 727 2237 Paulo
743 2202 790 2251 post
808 2195 974 2250 Pelagianornm

52 2279 133 2321 iterum
148 2278 253 2321 rationem
269 2278 351 2321 habens
365 2278 395 2319 ita
408 2277 491 2331 pergit:
523 2277 581 2330 „Sed
598 2277 622 2320 tu·
636 2277 674 2333 qui
691 2277 781 2318 sulcari
796 2277 905 2318 leunsinem
916 2289 974 2333 pru-

50 2358 112 2416 priis
129 2357 216 2401 uiribus
236 2359 371 2409 adstruunt,
396 2356 496 2397 camdem
512 2354 668 2399 confessionem
686 2356 777 2399 hominis
798 2358 825 2399 ab
843 2358 908 2413 ipsius
927 2367 973 2397 esse

53 2441 147 2483 hominis
162 2441 242 2484 virtute
255 2437 396 2493 suspicentur.
430 2434 495 2491 Quod
515 2437 532 2479 si
552 2437 581 2480 ita
600 2444 668 2492 esset,
688 2438 710 2480 in
724 2439 766 2481 Dei
780 2439 844 2481 laude
860 2435 973 2480 Psalmisto

57 2535 97 2563 nun
113 2522 206 2563 diceret:
226 2517 339 2562 Confessio
357 2524 379 2560 et
398 2516 554 2573 magnificentia
575 2533 628 2574 opus
647 2519 699 2574 ejus.
731 2519 764 2563 Ab
782 2535 808 2562 eo
826 2520 898 2573 itaque
913 2522 972 2559 recte

57 2600 159 2652 confiteri,
173 2616 186 2643 a
200 2615 243 2657 quo
260 2598 322 2659 nobis
339 2605 361 2642 et
374 2612 449 2654 magna
465 2599 527 2642 datur
543 2600 634 2656 operari.
664 2601 721 2654 Quia
736 2614 787 2656 ergo
806 2599 835 2641 nil
851 2597 900 2641 boni
916 2612 972 2655 upe—

56 2681 86 2723 ris
100 2680 205 2734 dedimus,
224 2695 266 2738 quo
285 2682 341 2724 hanc
357 2681 482 2740 sapientium
498 2682 611 2740 percipere
629 2693 774 2735 mereremur,
797 2681 880 2724 dicatur
899 2687 971 2724 recte:
