1999 2998
432 112 558 180 *pa*

360 262 362 266 ·
407 257 415 272 ν
454 232 472 292 t·
490 240 526 282 lo.

91 313 236 375 Argumenta,
261 311 430 373 quibusductus
449 322 471 358 et
487 316 534 372 ipse
550 314 687 358 oecumenici
695 312 853 373 patriarchae
867 312 955 360 titulum

30 400 158 456 respuebat,
171 407 202 457 vet
225 414 278 442 euru
296 396 396 452 episcopo
412 384 783 453 Constantinopolitanorecusabat,
808 398 837 440 ad
852 396 955 451 Gregorii
988 387 989 391 ¹

30 482 136 526 sentiendi
155 483 263 526 rationem
281 476 452 539 cognoscendam
474 476 563 520 maximi
581 484 631 522 sunt
648 479 760 530 momenti.
801 478 954 535 Quamobrem

29 572 155 621 argumenta
179 562 264 618 potiora
292 558 405 614 exipsius
426 558 520 615 epistolis
537 557 638 614 colligere
657 573 670 601 a
686 562 795 617 proposito
809 566 901 621 nostro,
928 570 954 607 ut

23 647 145 703 imaginem
161 643 201 688 viri
221 641 338 697 legentium
351 640 427 683 ¹oculis
446 640 594 699 subjiciamus,
619 654 663 683 uon
674 640 794 685 'abhorrere
810 641 904 698 videtur.
926 668 952 684 „-

90 732 112 775 1.
139 726 199 770 Nora
217 720 333 780 appellatio
353 720 470 765 humilitati
491 729 513 767 et
529 723 659 776 modestiae,
685 733 749 778 quam
765 705 881 781 ,episcopus
899 738 954 780 prae

28 824 52 853 se
71 808 131 851 ferre
148 807 224 857 debet,
246 810 359 859 repugnat.
394 803 497 861 Quisquis
519 805 577 847 hunc
598 803 686 847 titulum
706 811 803 861 usurpat,
829 807 953 864 superbiae,

29 886 189 946 quadiabolus
209 886 298 939 cecidit,
326 884 450 942 exemplum
472 885 589 929 imitatur.¹
613 884 745 931 Universalis
763 886 863 931 ecclesiae
886 897 954 948 caput

29 971 136 1016 sclusest
153 968 256 1011 Christus.
287 1011 289 1017 ,
343 1010 344 1015 Ἰ

91 1051 163 1105 „Vere
171 1050 226 1092 flens
237 1049 307 1101 dico“,
319 1049 403 1101 ioanni,
412 1048 512 1107 episcopo
520 1048 762 1107 Constantinopolitano,
774 1052 859 1110 scripsit
865 1052 954 1108 Grego-

27 1135 106 1192 gorius,
122 1140 201 1190 „atque
219 1146 246 1174 cx
262 1132 337 1178 intimo
353 1132 458 1176 viscerum
471 1131 546 1175 dolore
561 1132 654 1189 peccatis
670 1135 723 1177 meis
737 1135 825 1193 deputo,
844 1134 903 1190 quod
917 1124 962 1177 ille

28 1231 89 1260 meus
97 1216 176 1258 Frater
185 1229 242 1257 nunc
255 1228 323 1271 usque
340 1207 372 1256 ool
385 1214 534 1260 bumilitatem
545 1214 620 1256 reduci
636 1228 680 1257 non
694 1216 770 1268 valuit,
787 1216 824 1272 qui
834 1216 861 1257 ad
875 1215 916 1257 hoc
932 1216 954 1258 iu

29 1287 163 1355 episcopatus
180 1297 248 1353 gradu
263 1297 392 1340 constitutus
407 1302 451 1350 est,
474 1304 498 1340 ut
512 1297 603 1339 aliorum
619 1298 701 1339 animas
718 1296 746 1338 ad
758 1296 902 1341 humilitatem
915 1311 955 1340 re-

29 1382 99 1423 ducat.
113 1399 143 1411 -
165 1378 238 1421 Tanto
255 1377 324 1435 major
338 1377 440 1432 efficeris,
461 1384 542 1435 quanto
558 1385 580 1421 tc
595 1392 611 1420 o
626 1378 719 1435 superbi
732 1384 755 1420 et
771 1381 836 1422 stulti
847 1380 954 1421 vocabuli

28 1460 166 1517 usurpatione
180 1460 297 1516 restringis.
314 1485 345 1493 —
359 1462 420 1516 Quis,
437 1473 496 1516 rogo,
514 1459 537 1500 iu
554 1465 598 1500 tam
612 1467 714 1515 perverso
730 1461 842 1513 vocabulo,
858 1461 900 1502 nisi
914 1461 953 1503 ille

28 1544 56 1586 ad
76 1542 204 1584 imitandum
224 1543 364 1599 proponitur,
399 1541 436 1599 qui
458 1539 563 1597 despectis
587 1541 712 1595 angelorum
732 1540 854 1597 legionibus
878 1554 954 1586 secum

27 1624 135 1667 socialiter
154 1624 284 1677 constitutis,
311 1626 339 1667 ad
355 1624 442 1666 culmen
461 1627 551 1665 conatus
565 1627 597 1664 est
613 1621 765 1677 singularitatis
779 1635 907 1679 erumpere,
929 1631 955 1669 ut

28 1714 50 1750 et
69 1705 123 1747 nulli
143 1704 243 1757 subesse,
275 1713 296 1748 et
321 1707 378 1749 solus
406 1703 505 1747 omuibus
524 1716 624 1759 praeesse
645 1703 773 1748 videretur?
819 1705 865 1761 Qui
887 1707 952 1749 etiam

27 1787 100 1841 diuite
125 1785 150 1826 In
171 1784 256 1825 coelum
277 1787 419 1827 conscendam
435 1790 475 1825 cet.
512 1784 575 1837 Quae
592 1791 669 1826 cuncta
687 1796 727 1838 ego
745 1797 811 1839 quum
825 1784 880 1826 flens
895 1799 951 1829 cou-

28 1868 101 1928 spicio,
120 1872 142 1909 et
158 1866 241 1909 occulta
258 1866 301 1907 Dei
316 1865 394 1922 judicia
409 1864 544 1921 pertimesco,
563 1872 669 1920 augentur
681 1849 801 1921 lacrymae,
819 1867 912 1920 gemitus
927 1883 951 1911 se

28 1954 50 1995 in
69 1963 119 1993 meo
141 1948 206 1990 corde
225 1962 269 1990 non
284 1947 380 2004 capiunt,
405 1946 464 2002 quod
478 1947 515 1988 ille
528 1946 561 1989 vir
577 1947 721 1989 sanctissimus
738 1947 837 1990 doruiuus
853 1948 952 1996 Joannesr

26 2040 99 2075 tantae
122 2028 264 2074 abstinentiae
284 2035 349 2086 atque
368 2009 504 2081 humilitatis,
528 2025 667 2072 familiarium
685 2029 811 2072 seductione
830 2030 951 2087 linguarum

28 2114 55 2154 ad
73 2117 155 2153 tantam
174 2110 297 2167 superbiam
316 2109 398 2167 erupit,
426 2116 451 2153 ut
469 2111 492 2153 in
515 2112 612 2168 appetitu
631 2110 727 2168 perversi
745 2111 837 2154 nominis
854 2112 885 2153 illi
903 2126 949 2154 esse

29 2198 118 2235 conetur
133 2189 219 2243 similis,
236 2191 273 2246 qui
290 2191 342 2232 dum
358 2191 452 2247 superbe
468 2207 514 2234 esse
529 2193 603 2234 similis
618 2193 669 2235 Deo
684 2193 761 2244 votuit,
779 2193 843 2234 etiam
857 2193 948 2235 donatae

27 2271 170 2316 similitudinis
188 2271 278 2327 gratiam
301 2273 380 2328 amisit,
406 2278 428 2314 et
443 2273 493 2316 ideo
508 2287 581 2318 return
597 2272 754 2316 beatitudinem
770 2274 874 2331 perdidit,
896 2276 948 2330 quia

27 2354 102 2398 falsam
122 2353 213 2408 gloriam
232 2354 342 2410 quaesivit.
360 2377 389 2388 -
414 2355 474 2409 Quid
493 2370 532 2398 nos
552 2355 647 2411 episcopi
670 2353 771 2410 dicimus,
802 2354 839 2411 qui
856 2354 947 2400 honoris

28 2439 99 2480 locum
119 2448 147 2477 ex
164 2437 303 2480 Redemtoris
323 2438 388 2480 nostri
404 2437 526 2493 humilitate
544 2436 682 2494 suscepimus,
704 2444 725 2480 et
738 2443 808 2480 tamen
821 2435 948 2491 superbiam

27 2520 94 2562 hostis
109 2517 173 2574 ipsius
190 2516 315 2562 imitamur?
350 2518 406 2560 Ecce
423 2519 522 2562 novimus
539 2521 665 2563 Creatorem
679 2524 773 2561 nostrum
786 2518 814 2560 de
831 2513 884 2560 suae
900 2521 949 2563 celss

27 2600 126 2644 situdinis
143 2601 247 2656 culmine,
266 2608 290 2644 nt
310 2599 404 2642 hunrano
420 2589 573 2654 generi'daret
587 2602 685 2658 gloriam,
703 2599 847 2642 descendisse:
873 2608 895 2644 et
909 2617 948 2646 nos

28 2681 56 2722 de
76 2680 154 2723 infimis
171 2684 252 2736 creati,
275 2682 302 2724 dc
322 2680 412 2724 fratrum
433 2682 575 2739 minoratione
592 2682 713 2737 gloriamur.
730 2703 760 2727 ,-
778 2682 889 2739 Scriptum
906 2689 946 2727 est:

27 2763 116 2807 lionore
130 2763 222 2808 invicem
236 2763 405 2820 praevenientes.
424 2763 453 2808 Et
468 2770 491 2808 tu
506 2763 589 2808 conaris
604 2777 654 2806 curn
669 2763 769 2813 omnibus
782 2764 866 2819 tollere,
882 2779 944 2822 quem

649 2847 671 2890 D
