1999 2998
416 139 541 205 Α

21 265 113 322 mortem
129 258 254 316 peccatoris
272 257 374 306 Homini
390 271 473 315 nempe
483 257 678 327 justumvidetur,
709 262 747 300 ut
754 266 816 296 suam
836 249 946 298 uisiscamr

22 339 128 396 injuriam.
158 340 201 383 Dei
219 354 271 384 vero
289 339 371 397 justitia
390 345 421 383 est
441 339 551 407 confitenti
574 340 671 392 relaxare
690 337 820 404 offcnssm.“
854 336 946 392 Expleu

21 422 100 464 Psalmi
115 421 185 478 quarti
201 421 280 477 poenit.
306 421 324 478 d
344 423 379 464 18.
409 421 500 473 „iustus'
514 434 559 462 esso
580 434 623 461 non
645 426 727 475 potest,
751 434 787 475 qm
783 417 880 473 fidem
902 433 945 460 non

21 502 87 544 habet
107 502 198 545 divinae
220 503 404 545 trrcrtrnntionis.“
437 500 485 542 Lib.
503 502 518 542 Ι
539 501 561 542 in
576 501 669 556 primum
685 500 771 554 Regum
789 514 836 557 cap.
850 503 870 545 5
889 499 944 559 §.p

20 583 152 639 Fidesergo
169 581 349 641 hoc-quoquesio
365 577 412 626 loco
428 595 492 624 sensu
508 579 614 623 historico·
626 582 721 623 sumitur.

441 691 513 785 pn.
565 754 567 757 ·
590 754 592 757 ·
620 677 626 754 s

90 828 165 881 Quum
180 825 245 868 fidem
265 834 328 869 sensu
345 825 449 871 historico
467 832 554 884 caperet
568 823 698 881 Gregorius,
715 838 781 883 opero
798 826 863 869 etiam
883 825 942 871 bona

20 907 93 963 specie
109 920 185 969 eorum
202 913 291 949 externa
305 909 382 962 metiri,
399 904 474 952 etheo
486 907 572 950 ratione
584 919 659 948 eorum
675 908 751 951 merita
767 898 884 962 dijudicare
898 910 940 951 dc-

22 986 95 1044 bebetss
125 986 206 1043 Homo,
222 1003 256 1031 eo
266 997 360 1043 auctore,
370 990 526 1047 ‘id'pree'stare
539 984 620 1039 debet,
640 991 697 1046 quod
714 990 809 1033 doctrine
824 990 940 1033 christinus

21 1069 131 1126 praecipit.
158 1070 182 1112 In
200 1067 277 1119 officiis
294 1051 426 1126 praestandis
440 1071 522 1129 gratiae
542 1069 628 1126 quidem
645 1065 729 1132 divinae
744 1091 773 1101 -
788 1072 810 1111 id
826 1073 884 1125 quod
899 1061 941 1112 dc-

21 1150 94 1206 inceps
111 1134 230 1213 videbimus
248 1175 275 1186 -
291 1145 410 1210 Gregorius
426 1154 518 1197 muitum
535 1150 620 1206 tribuit3
642 1150 681 1192 sed
696 1150 750 1191 hoec
768 1151 796 1192 de
810 1149 873 1191 bonis
887 1165 942 1206 ope-

20 1230 79 1273 ribus
92 1234 209 1286 sententia,
230 1233 307 1289 quibus
323 1234 388 1277 homo
403 1235 459 1277 bene
477 1238 584 1284 meretur,
604 1230 654 1272 curn
669 1229 824 1285 Augustininno
844 1231 942 1276 doctrina

21 1313 48 1354 de
66 1311 161 1354 absoluta
182 1315 330 1369 corruptione,
362 1328 405 1372 quo
423 1315 489 1357 homo
505 1303 563 1355 vnihil
582 1311 634 1353 boni
657 1311 714 1355 veile
734 1317 756 1353 ct
774 1309 846 1353 fecere
863 1321 940 1370 potest,

22 1392 159 1435 nullomodo
175 1395 298 1438 concordat.
353 1406 364 1441 22
565 1444 583 1449 Μ

92 1473 147 1516 Cum
163 1474 207 1520 ,hac
230 1476 446 1532 bonorum-opernm
468 1463 586 1524 secundum
611 1473 705 1529 speciem
729 1486 804 1515 eorum
825 1481 939 1526 externam

23 1552 173 1608 dijudicatione
193 1557 325 1613 conspirent,
346 1571 400 1613 quae
416 1555 535 1612 Gregorius
555 1555 583 1596 de
603 1555 697 1595 externis
714 1554 859 1608 poenitentiae
875 1557 942 1610 signis

22 1634 129 1691 perhibet,
145 1636 221 1705 quibus
238 1645 326 1692 peccate
345 1637 398 1678 dilui
417 1635 582 1693 possint.an
601 1634 684 1676 ratione
703 1635 821 1690 satisfeci
813 1636 870 1691 zonis
889 1650 941 1680 voce

22 1716 95 1757 utitur
127 1702 277 1785 „Admonendi
297 1725 351 1785 sunt
368 1719 405 1773 qni
426 1725 513 1782 peccate
534 1716 648 1781 deplorent
665 1729 768 1770 operum,
795 1722 819 1756 ut
838 1730 941 1758 consum

22 1790 84 1838 mutu
103 1796 151 1837 mai
152 1809 166 1835 a
178 1796 286 1850 perfecto
304 1776 339 1837 dit
339 1803 394 1861 narrt
411 1794 521 1855 inurent&
551 1809 578 1836 nc
594 1794 641 1850 pius
658 1794 804 1849 astringentur
825 1796 847 1854 in
865 1796 939 1847 debito

23 1877 139 1934 perpetrati
158 1874 241 1929 operis,
267 1881 289 1916 et
309 1876 378 1918 minus
397 1876 480 1930 solvont
495 1853 593 1932 fletibus
614 1874 786 1930 satisfactionis
828 1876 940 1933 Scriptum

23 1959 102 2015 quippe
119 1942 249 2012 estiPsaim.
265 1957 301 2009 80,
317 1956 358 2013 6.):
388 1955 466 2000 Potum
485 1949 546 2017 dedit
563 1956 624 1998 nobis
641 1955 662 1997 in
680 1955 773 1997 lacrimis
788 1956 810 1998 in
828 1971 939 2002 mensura:

23 2044 47 2078 ut
64 2036 163 2079 videlicet
178 2038 340 2093 uniuscujusque
362 2040 422 2081 mens
443 2042 526 2081 tontum
545 2037 676 2091 poenitendo
693 2039 866 2092 compunctionis
888 2054 939 2082 sune

23 2115 82 2159 bibet
98 2115 206 2170 lacrimas,
225 2125 328 2175 quantum
344 2133 368 2161 se
384 2134 397 2161 a
418 2121 466 2162 Deo
483 2118 580 2160 meminit
599 2118 681 2159 eruisse
700 2131 741 2174 per
759 2110 938 2176 culpasti-Reg.

23 2198 79 2239 Pest.
95 2196 132 2237 lib.
146 2196 181 2237 lii.
196 2195 214 2240 e.
229 2211 265 2254 29.
296 2200 399 2242 Ceterum
409 2200 498 2255 vadjicit:
508 2188 509 2191 Ἴ
519 2195 670 2252 „Admonendi
682 2201 751 2252 sunt,
769 2205 794 2241 ut
808 2200 939 2243 incessanter

25 2279 115 2321 admissa
129 2285 179 2322 ante
196 2271 397 2335 contumescant,
419 2285 486 2339 atque
503 2281 600 2323 videndo
616 2286 702 2338 agant,
721 2287 745 2321 nt
761 2276 886 2322 sdistricto
902 2281 940 2335 ju-

26 2359 72 2402 dice
86 2359 154 2403 videri
174 2375 217 2403 non
232 2362 347 2406 debeant
377 2362 485 2407 Aiio'loco
500 2362 523 2404 id
534 2351 646 2416 'inculcem'
662 2357 686 2405 ut
702 2364 730 2404 eir
747 2356 877 2417 poenitentis
895 2357 940 2406 vna

25 2439 92 2496 probs
108 2441 194 2497 prodire
211 2443 298 2499 debeas,
316 2447 334 2488 si
351 2445 438 2501 quidem
457 2445 550 2500 pretium
566 2445 592 2486 ei<
603 2443 742 2486 tribuendum
757 2442 790 2484 sit.
827 2442 868 2494 „Si
883 2457 941 2485 con-

25 2523 97 2578 tigerit
119 2523 202 2576 eedem,
219 2526 390 2580 qnoelpunierst
405 2522 563 2581 (poenitentia),
582 2526 679 2568 iterando
693 2530 780 2580 peccam
796 2523 943 2578 committere,

15 2603 79 2657 Nnihil
95 2604 207 2648 contulisse
223 2605 417 2649 videtur‘edhibits
428 2604 579 2651 satisfactionis
591 2606 676 2659 terrario,
692 2619 757 2661 quem
774 2606 892 2651 mussitavit
909 2609 945 2649 in-

25 2683 136 2740 honestius
152 2688 227 2729 iterna
244 2685 344 2734 facinoris
360 2687 475 2742 turpitudo.
485 2710 523 2731 ⁴-
547 2688 603 2729 -Illos
619 2688 656 2743 qni
677 2686 825 2742 superbiendo
844 2689 877 2730 od
888 2701 942 2744 pec-

28 2768 81 2807 cata
95 2767 200 2820 redeunt,
219 2770 295 2811 divino
305 2767 396 2822 justitia
411 2768 503 2825 respuit.
533 2767 580 2809 Ilios
597 2781 648 2812 vero
664 2769 701 2825 qui
717 2769 848 2812 continendo
864 2775 885 2810 et
900 2768 941 2807 hu-

630 2850 655 2892 M
