1999 2998
501 96 515 137 8

444 149 571 161 ”ou-⁶-

47 231 112 282 runt;
138 221 177 282 qui
194 217 271 263 merito
286 219 403 279 sequuntur
422 210 501 270 agnum
521 223 651 270 quocunque
667 210 731 268 ierit,
763 226 816 271 quos
832 215 899 272 ipsius
917 219 966 276 ugni

49 308 131 350 candor
147 302 242 360 egregius
259 297 307 339 liliis
322 294 406 338 decoris
420 294 479 337 uullo
495 294 621 338 tentationis
637 300 697 337 aestu
712 294 855 339 marcentibus
873 311 964 341 corona-

49 390 86 433 vit,
117 385 156 430 His
172 379 261 432 denique
276 375 338 417 sertis
355 375 445 419 dextera
462 377 555 434 inclytae
570 375 721 420 dominationis
736 383 823 419 extenta
840 377 966 430 inchoantes

48 470 154 525 prouocat,
170 459 277 503 vinceutes
285 456 379 511 adjuvat,
393 459 485 503 victores
497 460 597 513 adornat,
614 471 667 516 quos
680 457 770 500 nominis
783 458 816 499 sui
828 459 890 502 titulo
900 474 965 517 prae.-

45 550 145 603 signatos‚
161 542 189 583 de
203 538 292 582 terrenis
303 538 419 594 gemitibus
436 540 521 584 elevans
537 542 559 583 in
577 539 686 583 coelorum
701 539 773 583 evehit
790 539 867 595 garrdia
883 541 966 595 glorio-

47 639 93 680 sos;
125 621 150 662 de
166 630 257 673 quorum
275 620 338 663 niveo
356 620 465 683 electionis
481 636 572 665 numero
589 627 611 663 et
630 621 678 664 illos
694 634 739 663 esse
757 634 801 663 non
815 620 907 677 ambigo,
927 623 965 678 qui

47 702 145 750 Lorensis
162 700 245 741 eremi“
263 696 328 758 (hanc
347 715 444 745 eremum
459 703 515 746 inter
529 703 676 760 Burgundium
695 709 717 744 et
732 701 888 746 Allemunnium
902 702 964 746 sitam

45 786 115 835 fuisse,
132 795 159 823 ex
174 780 199 821 iis
213 795 268 837 quae
282 784 379 839 proxime
389 791 508 840 sequuntur
516 782 613 842 apparet)
627 797 708 840 „opaca
723 782 837 826 lustrantes
846 797 889 826 non
899 784 964 826 modo

45 867 86 912 Dei
101 863 207 926 templum
224 861 311 905 efficere
330 873 462 920 meruerunt,
480 880 554 911 verum
571 866 636 908 etiam
652 865 674 907 in
690 865 763 907 multis
776 861 884 906 mentibus
899 860 965 917 spiri-

43 957 78 991 tus
95 946 162 989 sancti
179 944 260 999 gratiae
276 944 414 989 tabernacula
432 954 574 1004 paraverunt,
593 947 615 989 id
630 952 662 988 est
677 946 796 1000 Lupicinus
810 944 965 999 Romanusque

45 1041 160 1086 germanus
179 1026 246 1080 ejus.“
261 1029 291 1058 '-‘
322 1025 398 1069 Genus
417 1027 536 1070 humanum
555 1040 596 1084 per
618 1025 727 1068 diabolum
745 1025 861 1076 corruisse,
882 1023 964 1065 ibidem

45 1110 133 1166 quidem
148 1106 254 1158 statuitur,
268 1107 307 1148 sed
322 1107 345 1149 id
359 1109 424 1150 etium
443 1124 456 1151 a
472 1108 648 1165 Semipelagiauis
665 1104 817 1148 affirmabatur.
846 1102 964 1158 „Aemulus

46 1188 153 1232 sanctitati
169 1186 251 1241 metuit,
268 1200 296 1230 ne
310 1188 367 1230 uude
384 1184 420 1231 ille
435 1188 526 1246 perfidia
541 1189 587 1233 vilis
604 1188 685 1230 corruit
703 1201 770 1242 genus
787 1186 906 1228 humanum
920 1180 963 1224 fide

46 1270 183 1313 nobilitatum
196 1269 317 1312 ascendat.“
349 1268 392 1312 Hic
407 1270 471 1312 etiam
487 1269 618 1312 locutionem
633 1267 823 1325 deprehendimus:
843 1266 963 1317 „Dominus

46 1351 169 1407 compungi
181 1346 233 1390 fecit
250 1350 314 1391 corda
331 1352 430 1401 eorum‘f
463 1349 506 1394 Sed
528 1365 575 1408 quo
588 1364 651 1393 seusu
671 1350 725 1392 haec
746 1347 880 1404 compunctio
897 1345 963 1388 intel-

46 1431 131 1486 ligendu
144 1431 178 1481 sit,
191 1432 238 1471 non*
250 1428 348 1473 subtilius
363 1430 470 1474 definitur.
507 1433 570 1487 Quae
585 1438 656 1487 autem
668 1429 786 1485 Gregorius
802 1428 824 1470 in
841 1427 911 1484 capite
926 1440 963 1468 sc-

48 1512 119 1553 cundo
134 1508 234 1561 affirmat,
263 1510 454 1565 Semipelagiauam
473 1490 702 1555 sentiendi'Q'rauonem
721 1509 823 1566 produnt.
860 1508 963 1562 „Quanta

50 1591 184 1646 omnipotens
200 1590 260 1632 Deus
274 1602 312 1631 suo
330 1590 403 1634 dicatis
417 1593 504 1635 nomine
518 1592 639 1648 indulgeat,
666 1598 810 1648 quantamque
824 1589 904 1631 eisdem
917 1600 962 1644 pro

41 1670 114 1725 fideli
127 1670 218 1713 servitiu
237 1669 372 1726 benignitatis
386 1686 448 1728 opem
463 1680 595 1729 compenset:
616 1686 693 1730 magna
706 1671 792 1728 quidem
809 1683 832 1711 se
850 1669 962 1727 pollicetur

45 1752 180 1794 redditurum
192 1750 221 1791 in
238 1749 309 1805 coe103
326 1752 377 1814 sed
395 1766 451 1808 quae
469 1754 577 1809 accepturi
594 1762 644 1798 sunt
660 1755 787 1811 plerumque
803 1751 845 1793 hoc
865 1749 961 1792 declarat

44 1833 67 1874 iu
85 1831 189 1873 saeculo.“
219 1830 264 1873 Nec
281 1832 525 1888 aSemipelugiauorum
543 1840 616 1877 mente
633 1841 655 1878 et
670 1835 753 1878 ratione
769 1833 887 1890 recedunt,
906 1841 961 1885 quse

45 1914 69 1954 in
87 1912 155 1967 capite
170 1915 244 1965 quarto
260 1911 287 1951 de
301 1912 401 1954 uitiorum
423 1914 573 1970 exstirpatione
593 1915 704 1966 docentur,
723 1912 757 1955 cui
778 1912 909 1967 adjutorium
926 1908 962 1950 di-

45 1997 119 2038 vinum
134 1991 279 2033 necessarium
294 1993 326 2033 sit.
358 1993 438 2048 „Quod
454 1993 525 2035 nullus
540 1993 585 2035 sine
602 1995 644 2037 Dei
661 2010 702 2052 ope
718 1993 797 2039 valebit
813 1991 904 2043 efficere,
921 1991 961 2033 uisi

43 2073 147 2116 dorniniei
165 2072 264 2127 adjutorii
278 2073 453 2128 protegaturuel
469 2088 543 2130 parma
559 2076 593 2119 vel
607 2077 673 2131 galea.
714 2076 742 2118 Et
759 2074 816 2129 quod
833 2074 901 2129 egerit
919 2086 959 2114 non

42 2156 85 2207 sui,
112 2154 152 2196 sed
167 2152 193 2195 ad
209 2153 275 2198 diuini
292 2140 383 2197 nominis
401 2154 491 2211 gloriam
508 2152 611 2213 deputet?
632 2159 691 2214 juxta
711 2157 763 2198 illud
779 2155 887 2211 Apostoli,
915 2154 959 2208 Qui

43 2236 151 2290 gloriatur,
167 2233 299 2277 inDomino
312 2235 436 2291 glorietur.“
468 2237 492 2280 ln
506 2238 599 2281 eundem
613 2253 698 2281 sensum
714 2239 770 2280 dicta
787 2243 845 2288 sunt,
868 2235 959 2291 quaein

45 2318 111 2373 cupite
127 2317 202 2374 quinto
221 2315 322 2372 legimus:
354 2317 445 2370 „Nullus
461 2317 484 2359 iu
498 2317 532 2358 liis
551 2315 669 2375 (operibus)
686 2332 782 2374 gressum
799 2316 865 2374 figere
880 2322 958 2373 potest,

46 2398 166 2453 sustiuerit,
184 2399 239 2441 sicut
254 2410 317 2454 saepe
333 2398 404 2441 testati
420 2411 500 2451 sumus,
520 2396 562 2439 Dei
577 2398 682 2453 adjutorio
695 2405 839 2456 prrovocntus.
855 2419 885 2429 ·-
902 2395 959 2435 ¹Per

48 2477 86 2518 hos
101 2480 166 2522 scalae
182 2479 246 2535 hujus
263 2492 363 2521 ascensus
379 2485 423 2522 tam
442 2477 543 2533 difficiles,
575 2485 662 2538 tamque
682 2482 786 2534 excelsos7
814 2487 858 2522 tum
873 2475 958 2528 arduos,

48 2570 114 2611 quum
128 2558 167 2600 siut
180 2561 267 2614 diuersi,
290 2560 318 2603 ad
336 2574 401 2603 uuum
419 2567 490 2603 tamen
506 2560 624 2603 Dominum
641 2576 680 2616 per
697 2563 759 2617 hujus
777 2559 876 2614 adjutorii
895 2570 957 2613 opem

47 2636 199 2680 conscessdilur.
229 2642 309 2685 Idcirco
324 2656 411 2700 semper
426 2643 461 2684 ille
476 2643 605 2699 poscendus,
626 2642 663 2684 ille
681 2643 826 2698 quaerendum
843 2639 880 2681 ille
895 2640 956 2683 inve*

45 2718 125 2760 candus
141 2718 187 2771 erit,
202 2723 287 2776 utquod
300 2726 328 2768 de
342 2724 396 2770 bonu
408 2725 584 2785 menstconctpitp
603 2722 716 2779 acty'tttorio
726 2737 765 2767 suo
776 2721 956 2781 ipscpeificiut,“
