1999 2998
487 42 519 86 29

37 159 181 215 christianam,
195 159 250 219 quac
265 160 374 206 neminem
390 160 484 219 laedere,
499 177 575 223 pacem
592 160 696 206 ccclesiae
713 174 848 215 conservare,
867 176 907 204 nec
922 165 962 206 sibi

35 242 84 299 plus
102 243 158 300 justo
178 237 273 289 tribuere
293 245 388 300 volebat,
411 253 434 290 et
456 235 565 290 Christum
587 244 647 289 vetut
667 246 755 289 unicum
776 242 881 287 ecclesiae
898 252 963 299 caput

36 325 183 369 venerabatur.
209 329 346 370 successores
361 327 462 383 Gregorii
476 342 519 371 non
536 310 613 371 eadem
626 318 728 382 sensisse,
747 327 789 369 sed
802 327 831 369 de
848 325 912 369 titulo
925 325 969 391 illo

35 409 158 465 usurpando
176 409 227 453 velis
241 411 350 462 remisque
365 408 507 460 contendisse,
523 420 552 448 ex
565 407 653 450 historia
668 406 810 452 ecclesiastica
825 408 963 452 notissimum

3 531 4 534 ,
34 496 72 533 est.
110 491 153 533 Sed
174 498 223 548 post
243 489 374 547 Gregorium
395 489 461 534 totius
484 487 617 545 reipublicae
638 489 764 534 christianae
787 488 855 533 facies
877 489 959 534 sensim

32 575 114 615 mutata
130 576 169 613 est.

459 649 478 710 a.
495 655 531 699 11.

101 735 127 777 In
144 732 266 776 universum
288 732 420 789 Gregorius,
442 734 460 776 si
480 747 530 776 cum
550 732 709 776 successoribus
727 747 776 778 eum
790 737 957 794 comparaveris,

32 816 60 858 de
80 829 118 856 suc
139 814 206 869 ipsius
224 815 351 857 auctoritate
366 816 464 858 modeste
480 814 599 868 sentiebat,
631 821 653 858 ct
673 822 793 859 ceterarum
814 818 956 860 ecclesiarum

30 895 78 949 jura
98 894 192 938 libenter
211 894 350 951 agnoscebat,
374 910 416 939 nec
435 896 569 953 singulorum
586 896 736 955 episcoporum
752 899 872 943 auctoritati
888 897 956 955 qnid-

30 981 94 1032 quam
127 977 241 1019 detrahere
268 976 360 1021 volebat.
401 977 453 1032 „De
482 977 630 1023 ecclesiasticis
662 971 803 1036 privilegiis“,
829 968 953 1029 Dominico,

31 1058 131 1113 episcopo
148 1047 325 1115 Carthaginiensi,
341 1058 450 1115 rescripsit
464 1059 501 1102 lib.
517 1060 542 1102 11.
558 1061 620 1117 epist.
635 1060 672 1116 47,
688 1061 761 1117 „quod
777 1067 848 1104 vestra
861 1062 956 1118 Frater-

29 1138 84 1182 nitas
98 1141 179 1194 scribit,
196 1143 236 1184 hoc
251 1140 368 1199 postposita
382 1140 516 1184 dubitatione
533 1147 614 1184 teneat:
634 1143 683 1199 quia
699 1143 758 1186 sicut
773 1149 854 1185 uestra
872 1139 955 1196 descu-

29 1220 114 1273 dimus,
136 1222 169 1264 itu
184 1224 282 1281 cingulis
296 1222 419 1280 quibusque
436 1224 539 1266 ecclesiis
556 1218 600 1266 sua
611 1221 671 1277 jura
684 1237 812 1268 servamus.
843 1222 891 1267 Nec
906 1220 956 1262 cui-

28 1301 92 1356 libet,
110 1302 289 1361 fossatagine,
310 1304 366 1346 ultra
383 1318 449 1362 quarn
463 1310 560 1346 merctur
574 1305 698 1361 impertior,
720 1320 763 1349 nec
780 1306 823 1348 otti
839 1304 881 1347 hoc
894 1302 956 1360 quad

27 1382 138 1439 suijuris
154 1392 188 1428 est
203 1386 286 1429 ambitu
305 1385 435 1428 stimulante
450 1386 550 1443 derogem
571 1387 724 1442 nedfratres
740 1400 802 1430 meos
812 1398 860 1441 per·
875 1384 953 1425 omitia

27 1465 141 1508 trenurare
156 1469 233 1523 cupio,
256 1467 329 1525 sicque
343 1467 420 1510 studeo
437 1466 519 1508 honore
534 1465 628 1521 singulos
644 1466 747 1521 subvehi,
768 1465 887 1510 dummodo
905 1475 952 1505 non

26 1547 54 1589 sit
73 1550 131 1604 quod
149 1547 210 1591 alteri
231 1550 278 1604 jure
296 1548 323 1590 ab
345 1548 412 1590 altero
432 1547 499 1603 possit
518 1549 620 1603 opponi.“
661 1547 731 1601 „Mihi
748 1546 850 1602 injuriam
870 1542 951 1595 facies

25 1629 103 1682 Natali,
119 1634 219 1687 episcopo
230 1630 360 1682 salonitano,
377 1628 461 1685 scripsit
477 1629 513 1672 lib.
523 1630 548 1672 ΙΙ.
566 1629 628 1686 epist.
643 1630 679 1671 52.
697 1628 730 1681 „si
744 1625 837 1670 fratrum
853 1638 953 1668 meorum

24 1710 72 1765 juro
90 1710 214 1778 pepturbo.“
249 1712 355 1765 Quamvis
379 1711 483 1768 principis
505 1712 654 1767 apostolorum*
673 1710 719 1753 sedi
739 1711 885 1767 principatum
909 1706 951 1748 tri-

25 1793 111 1844 bueret,
132 1789 164 1846 ¹⁰)
189 1790 401 1848 jurisdictionemque
427 1785 582 1847 episcopalem
603 1793 626 1833 in
655 1797 700 1833 tota
725 1791 815 1832 ecclesia
845 1789 948 1831 christia-

24 1874 179 1885 *ιι-ιι·-

89 1914 121 1950 lib.
136 1913 177 1949 vn.
193 1912 244 1959 epist.
264 1910 295 1946 33.
324 1910 365 1955 „De
382 1923 417 1957 qun
433 1923 454 1948 re
471 1911 517 1947 mihi
534 1911 555 1947 in
568 1913 605 1949 suis
625 1913 737 1963 jussionibus
753 1911 873 1949 dominorum
888 1906 951 1943 Pietas

88 1984 183 2035 praccipit,
195 1985 268 2029 dicens,
289 1987 310 2019 ut
326 1993 359 2029 per
375 1982 519 2029 appellationem
532 1980 611 2034 friuoli
624 1982 714 2023 nominis
730 1983 827 2020 internos
844 1979 951 2018 scandalum

89 2057 172 2105 generari
190 2069 228 2092 non
249 2054 319 2092 debeat.
346 2053 382 2090 Sed
395 2064 439 2100 rogo
454 2061 474 2091 ut
486 2055 587 2103 imperialis
600 2057 661 2094 Pietas
673 2060 745 2106 penset,
757 2054 799 2102 quin
812 2052 848 2089 etia
860 2056 902 2089 sunt
914 2048 950 2085 tri-

87 2127 129 2163 vola
146 2126 199 2162 vaide
215 2126 299 2169 innoxia,
322 2130 377 2171 atquc
391 2124 426 2160 alia
443 2126 496 2162 valde
513 2127 585 2165 nociva·
619 2128 757 2175 Numquidnam
779 2135 835 2172 quum
852 2134 872 2157 sc
888 2118 945 2156 Anti-

88 2197 166 2233 christus
179 2196 253 2233 rcnicns
261 2196 322 2230 Deum
335 2194 408 2237 dixerit,
420 2193 507 2230 frivolum
516 2195 569 2232 vsidc
577 2197 618 2242 erit,
631 2198 663 2233 sed
674 2204 734 2232 tamcn
742 2196 797 2231 nimis
807 2189 945 2241 perniciosum?

87 2268 108 2305 Si
121 2267 240 2316 quuntitatcm
253 2264 341 2301 sermonis
355 2262 471 2308 attendimus,
484 2263 531 2300 duae
543 2272 586 2301 sunt
597 2265 677 2314 syllabae
682 2279 688 2314 3
705 2266 776 2303 sivero
788 2263 861 2312 pondus
873 2257 946 2307 iniqni-

37 2384 39 2387 *
86 2338 134 2383 tatis,
149 2338 233 2376 universa
246 2334 343 2386 pernicies.
359 2335 400 2382 Ego
414 2340 475 2370 antcrn
487 2336 566 2372 fidenter
579 2337 626 2384 dico,
639 2338 682 2386 qnia
696 2335 777 2385 quisquis
789 2348 809 2371 sc
821 2322 944 2371 universatem

85 2407 198 2447 sacerdotem
211 2416 273 2454 vocat,
285 2409 315 2447 vel
328 2408 389 2446 vocari
403 2405 503 2453 desiderat,
516 2408 536 2444 in
549 2409 628 2445 elatione
641 2422 674 2445 sna
686 2407 819 2445 Antichristum
832 2404 943 2451 praecurrit,

85 2482 127 2531 quia
139 2478 262 2526 superbiendo
275 2491 294 2514 se
306 2479 372 2514 ceteris
383 2478 485 2523 praeponit.
504 2480 545 2515 Ncc
558 2479 625 2526 dispari
635 2478 720 2527 snperbia
733 2477 755 2512 nd
767 2487 848 2513 errorem
861 2474 944 2523 ducitur,

85 2553 128 2601 qnia
142 2552 188 2588 sieut
200 2551 348 2598 permiscente,
370 2550 421 2586 Dens
437 2548 496 2585 videri
508 2550 549 2587 uuit
563 2563 619 2600 super
631 2562 695 2586 ornnes
707 2548 800 2593 honrincsq
819 2547 845 2583 itu
858 2547 943 2597 quisquis

85 2630 122 2669 est,
135 2622 165 2671 qui
179 2618 232 2659 solus
245 2621 329 2658 sacerdos
341 2618 429 2668 appellari
442 2621 522 2668 appetit,
540 2634 596 2670 super
606 2622 687 2670 reliquos
700 2618 803 2655 sacerdotes
816 2631 837 2654 sc
850 2620 943 2656 extolint<

34 2692 64 2743 ro)
82 2694 175 2742 „Dignum
188 2693 227 2729 cstt
243 2692 316 2741 scripsit
328 2688 468 2729 Theodolindae
484 2690 558 2737 reginae
570 2690 733 2739 Langobardorum
749 2688 783 2728 lib.
796 2690 829 2731 tv.
846 2690 897 2740 epist.
909 2691 941 2730 58.
