1999 2998
506 102 551 143 132

130 237 151 278 7
173 215 331 263 Praedestinat‘
325 230 346 260 io
365 215 409 262 Dei
426 219 454 262 ad
470 218 550 264 electos
565 218 665 277 pertinet,
681 233 725 264 non
741 221 769 264 ad
786 216 896 278 reprobos.
930 224 990 268 Deus

26 308 28 311 ’
50 316 52 320 ’
64 299 195 347 abaeterno
210 306 293 342 certum
314 305 336 342 et
354 298 468 344 definitum
484 314 600 345 numerum
617 300 693 359 elegit,
704 304 741 361 qui
754 304 846 361 gratiae
853 298 919 377 atque
935 306 992 347 adeo

7 373 8 376 ¹
62 386 137 446 salutis
151 389 257 433 aeternae
271 381 381 439 particeps
401 383 509 428 erederet.
545 383 589 440 Qui
605 383 632 427 ed
651 383 711 427 hunc
725 397 853 427 numerum
853 392 912 426 non
918 384 990 441 perti-

63 474 128 520 nent,
154 464 237 521 gratiae
256 463 344 507 divinae
358 471 392 509 ,et
415 465 489 514 salutis
510 471 612 509 aeternae
632 466 748 523 participes
768 465 992 543 nonle'vadtunt,=·et

65 562 141 591 eorum
158 546 278 591 vitiositatis
295 558 376 599 poenas
397 547 481 590 meritos
496 547 567 590 dant.v
589 547 614 589 Iu
632 543 913 604 praedestinatione-*Deus
934 546 990 589 hano

63 629 170 672 rationem
183 634 270 670 secutus
287 634 327 681 est,
345 635 369 671 ut
384 642 421 670 eos
435 609 531 682 eligeret,
550 641 604 684 quos
618 628 709 684 gratiam
726 638 786 670 suam
801 634 926 683 accepturos
943 629 991 675 es'se,

63 710 208 768 praevideret.
239 709 275 753 De
292 688 379 764 singulis
395 709 467 751 eiectis
484 710 506 752 in
522 709 720 758 universumcnihii
734 709 787 751 certi
804 708 904 751 constitui
920 714 993 765 potest.

136 793 158 833 8.
174 789 292 833 Redemtio
309 789 396 842 Christi,
411 785 487 832 sinim
504 796 527 832 et
542 796 652 835 notarem
668 790 714 848 ejus
729 795 857 846 spectamus,
874 790 901 833 ad
915 803 995 834 omues.

6 892 8 895 ·
63 872 154 917 omnino
170 869 276 925 homines,
292 867 444 929 sieffectnm,
464 871 500 914 ad.
511 871 591 919 electos
606 873 672 914 modo
689 868 790 927 pertinet.

467 971 652 1055 :Mis

129 1113 153 1159 Si
171 1113 228 1156 irene
247 1110 367 1154 doctrinam
385 1108 523 1164 Gregorii'a
541 1098 743 1168 nobisexpositam
764 1123 814 1152 cum
833 1107 989 1165 Angustiuiana

65 1207 228 1262 comparamus
254 1191 321 1235 aiia'
315 1206 337 1234 ru
355 1205 381 1234 ea
395 1190 542 1247 deprehendi,
563 1203 620 1246 quae
636 1205 685 1256 cum
700 1191 814 1248 Augustini
830 1193 936 1235 sentiendi
950 1207 989 1235 ra-

63 1283 122 1326 tione
139 1276 238 1333 apprime
253 1272 387 1329 conspirant,
406 1273 447 1314 aiio
462 1278 546 1327 autem,
561 1287 617 1329 quae
635 1253 668 1317 ab
679 1288 705 1317 ea
721 1274 816 1316 maxime
830 1274 948 1327 recedunt,
965 1276 994 1318 inl

63 1358 208 1417 disputatione
225 1360 299 1396 nostra
317 1352 368 1407 jam
385 1352 524 1395 ostendimus.
561 1353 674 1398 Coronidis
691 1362 764 1398 tamen
780 1354 827 1396 loco
842 1353 869 1395 de
884 1369 994 1398 consensu»

63 1451 86 1485 et
102 1441 210 1495 dissensu,
235 1434 272 1490 qui
286 1433 344 1476 inter
359 1430 473 1489 Augustini
490 1440 512 1478 et
528 1433 770 1491 Gregoriidoctrinam
790 1429 994 1493 anthropologica'm

63 1520 186 1570 intercedit,
203 1515 309 1579 quaedam
325 1513 486 1571 subjungamus.
822 1511 828 1524 ³

76 1633 77 1636 ,
131 1615 151 1642 1.
171 1598 270 1653 Utraque
290 1596 388 1638 doctrina
402 1597 424 1637 in
441 1611 467 1637 eo
483 1597 598 1652 conspirat,
614 1605 638 1641 ut
653 1597 785 1655 primitivum
803 1596 896 1639 hominis
909 1603 993 1639 statum?

62 1684 141 1751 iisdem
156 1676 204 1721 fere
219 1675 326 1719 coloribus
341 1676 448 1732 depingat.
480 1676 619 1731 Gregorius'
613 1692 635 1718 m
650 1677 793 1732 descriptione
807 1677 907 1731 primitivi
921 1683 994 1721 status

63 1746 142 1811 Adami
170 1758 284 1819 Augustini
308 1757 397 1812 vestigia
417 1755 506 1798 sollicitat
527 1762 600 1815 mente
622 1756 711 1813 pressit}
749 1755 897 1799 Infirmitatem
914 1764 987 1801 tamen

65 1846 135 1891 carnis
152 1844 174 1885 in
188 1841 235 1896 ipso
249 1844 305 1881 statu
293 1838 430 1894 uprimitivo
444 1837 546 1879 disertius
559 1838 657 1893 exposuit
674 1837 792 1898 Gregorius
809 1851 873 1894 quam
876 1836 988 1894 Augusti-

65 1932 150 1982 nus,et
128 1924 192 1969 etde
206 1918 368 1962 immortalitate
381 1918 477 1975 corporis
490 1918 555 1975 primi
567 1919 660 1965 hominis
675 1919 747 1976 paullo
761 1920 868 1964 diversam
878 1921 990 1963 notionem

65 2008 105 2053 sibi
121 2004 225 2048 formasse
239 2001 331 2045 videtur.
613 2056 614 2059 Ἴ

136 2099 157 2127 2.
175 2084 239 2137 Quae
258 2082 286 2123 de
300 2080 362 2136 lapsu
380 2077 457 2124 Adami
477 2078 594 2134 Gregorius
614 2080 687 2132 affert,
711 2078 738 2120 ab
759 2077 870 2134 Augustini
890 2081 987 2126 doctrina

64 2183 109 2214 nou
123 2165 216 2209 muitum
233 2162 344 2204 recedunt.
378 2160 493 2203 Infirmitas
513 2168 585 2203 tamen
601 2161 681 2213 caruis,
702 2173 766 2216 quam
784 2159 902 2216 Gregorius
917 2164 987 2219 primo

64 2248 148 2294 homini
164 2243 246 2296 tribuit,
267 2257 317 2285 eum
332 2235 452 2299 impedivit,
466 2256 509 2297 quo
526 2241 596 2282 minus
609 2239 687 2284 Adami
704 2242 830 2297 apostasiam
846 2249 890 2286 tam
910 2245 988 2287 ineffa-

64 2330 133 2373 bilem
150 2326 283 2381 depingeret,
299 2337 362 2379 quem
377 2322 513 2379 Augustinus.
552 2325 554 2328 ’
844 2327 846 2330 ’

137 2409 158 2450 5.
173 2406 197 2447 Iu
213 2405 319 2447 malorum
336 2404 486 2460 descriptione,
503 2416 558 2458 quae
575 2414 603 2442 ex
617 2408 706 2458 peccato
721 2399 827 2445 Adamiin
846 2418 909 2448 omne
921 2417 997 2462 genus

65 2494 185 2536 humanum
215 2486 382 2538 redundarunt,
417 2484 535 2539 Gregorius
561 2496 625 2538 saepe
653 2498 702 2526 eum
732 2483 850 2541 Augustino
876 2486 986 2539 consentit,

5 2609 6 2613 ,
68 2588 136 2629 eaque
156 2569 212 2617 nraia
230 2568 307 2610 iisdem
328 2562 377 2607 fere
394 2580 428 2609 rer
422 2565 476 2617 rbis,
501 2563 578 2621 quibus
597 2561 739 2619 Augustinus,
762 2567 864 2622 depingit
904 2566 970 2607 Sed'
965 2580 987 2608 m

67 2654 151 2711 peccati
169 2649 276 2704 originalis
296 2648 440 2704 descriptione
462 2646 568 2706 quaedam
582 2644 665 2698 insunt,
690 2659 745 2700 quae
767 2645 987 2702 Semipeisgiauorum

67 2732 176 2781 sentiendi
191 2730 294 2772 rationem
310 2730 333 2771 in
347 2730 474 2773 memoriam
488 2732 597 2774 revocant.
628 2726 652 2769 In
668 2725 710 2769 hoc
727 2724 754 2769 ab
764 2725 881 2785 Augustino
893 2729 988 2773 dissensu
