1999 2998
490 74 535 113 108

451 125 580 138 Μ

50 190 182 239 sericorolta
196 196 291 250 peraget,
307 192 421 232 uttamen
439 195 462 232 et
477 188 510 232 ira
524 188 650 243 comitetur,
669 195 783 247 quatenus
799 192 904 240 occultas,
916 192 978 238 arbi-

52 284 90 321 ter
105 278 163 319 ulios
178 273 304 329 respiciens
324 272 438 324 redimat,
460 270 513 313 alios
532 272 633 315 deserens
647 272 734 329 perdat3
768 273 819 330 quia
833 275 977 328 cognovimus,

53 354 162 413 quomodo
177 366 217 409 per
232 342 402 395 incarnationem
410 366 477 409 suam
495 352 575 397 electos
589 352 702 407 illuminet,
712 353 833 397 audiamus
850 332 987 410 nunohuoe

51 436 118 479 modo
133 433 237 491 reprobos
254 433 470 478 namnerraxxlx.
485 432 505 473 4.
526 434 664 493 „Notandum
683 442 729 489 est,
743 436 797 495 quia¹
811 437 863 477 dum
879 435 925 477 aliis
940 449 979 479 ca-

51 516 162 569 dentibus,
178 516 205 557 ad
221 517 321 559 standum
337 515 371 557 alii
389 513 475 555 solidari
493 514 646 572 perhibentur,
663 516 787 559 elector-um
803 524 912 559 hermerus
928 508 980 558 cei·-

52 604 89 641 tias
105 603 127 639 ei
142 594 251 650 Hestiaitns
265 596 390 640 ostenditur.
421 594 486 636 Unde
504 596 571 637 etiam·
585 595 747 651 philadelphiae
764 597 868 639 ecclesiae
884 609 923 653 per
939 610 980 639 an-

52 679 125 734 gelum
143 677 224 719 dicitur
242 673 317 736 (Apoo.
333 678 353 729 5,
372 674 427 732 11.):
456 676 519 718 Tene
534 676 592 732 quod
607 676 683 729 habes,
700 690 727 720 ue
742 677 797 733 alius
811 678 900 733 arripiat
916 691 980 719 coro-

52 756 103 802 nam
123 760 206 800 tuam.“
238 758 308 810 XXV.
329 771 364 800 ao.
393 757 478 812 „Quod
501 758 752 800 electorum-numerus
772 759 838 815 apud
855 759 928 800 Deum
952 759 980 799 eit

52 841 201 892 contortiones,
218 837 339 901 manifestat
354 838 470 896 Apostolus
485 839 566 882 Paulus
584 839 621 896 qui
641 839 671 882 ait
686 837 711 894 (u
720 838 779 881 Tim.
798 852 819 891 2,
836 840 887 892 19l:
902 840 980 881 ,Novit

51 924 115 964 Deus
132 922 235 975 quisunt
253 921 316 975 ejus.»
338 919 423 977 Etper
441 922 586 977 semetipsum
599 920 704 963 Dominus
723 921 754 961 ait
776 917 844 975 (Joau.
869 921 907 970 15,
926 921 980 973 183:

51 1002 100 1057 Ego
121 1002 166 1042 seio
181 1013 236 1057 quos
246 1001 360 1055 elegerim.
392 1002 455 1056 Quos
472 1003 521 1057 quia
538 1004 586 1042 anon
602 997 733 1057 imperfecte
752 999 805 1053 soit,
826 997 981 1051 sedperfecte

4 1068 5 1073 Ἰ
53 1082 122 1133 uouit,
136 1080 212 1135 procul
228 1081 293 1124 dubio
310 1087 331 1123 et
346 1094 462 1123 numerum
475 1081 497 1123 in
512 1095 554 1134 quo
570 1081 684 1134 eliguntur,
701 1081 817 1134 cognoscit.
852 1080 887 1122 De
904 1079 980 1135 quibus

55 1174 96 1218 per
113 1154 300 1217 Paulumffioma
309 1162 330 1212 8,
347 1159 392 1216 29.)
406 1160 502 1201 dicitur:
517 1159 666 1214 &Quosenirn
677 1161 806 1215 praescivit,
824 1167 845 1202 et
861 1160 981 1215 praedesti-

55 1243 116 1285 navit
137 1238 259 1282 conformes
279 1239 326 1282 fieri
346 1240 444 1295 imaginis
464 1238 504 1281 filii
522 1241 577 1282 sui.“
602 1242 789 1298 ,Supertcannca
812 1242 980 1296 cantioseupos,

53 1325 108 1377 Cap.
128 1321 162 1362 VI.
182 1319 200 1378 ᾗ
217 1321 237 1362 8,
271 1320 402 1371 „Electionis
420 1318 479 1359 suae
492 1318 601 1373 (Domini)
619 1322 812 1365 animatctttitas.“
842 1320 891 1363 Lib.
909 1322 943 1363 Ill.
959 1323 981 1363 in

53 1404 150 1459 primum
167 1401 252 1453 Regum
270 1412 315 1454 cap.
327 1398 343 1439 l.
357 1396 375 1454 §-
387 1400 422 1440 18.
445 1398 531 1453 „Electi
545 1398 600 1441 *lieet
617 1413 674 1441 nunc
688 1402 751 1457 pauci
765 1381 891 1457 appareant,
908 1403 929 1443 in
945 1402 981 1443 in-

54 1483 133 1529 visibili
150 1488 223 1523 tnmen
240 1480 308 1538 patria
324 1478 494 1522 innumerabiles
511 1486 611 1535 regnant5
641 1480 697 1536 quia¹
712 1483 752 1523 etsi
774 1494 803 1523 ex
823 1465 982 1536 comparatione

55 1574 175 1621 pravorum
189 1560 253 1616 pauci
266 1566 322 1612 suut,
340 1560 364 1601 in
378 1560 549 1622 congregationis
561 1573 612 1602 snae
624 1557 833 1624 frequentiametiri
847 1574 982 1617 nequaquam

55 1643 170 1702 possunt.“
201 1639 256 1684 Mor.
272 1639 339 1683 XVII.
354 1652 388 1693 19·
406 1637 695 1701 „Multitudoreproborssum
710 1641 820 1701 humanae
836 1633 924 1685 rationis
939 1656 982 1700 nu7

54 1737 142 1768 merum
158 1723 240 1765 transit.
265 1720 344 1777 ,Multis
361 1718 475 1761 eeclesiam
490 1719 629 1774 intrantibus,
646 1722 709 1775 etiam
724 1720 748 1765 hi
769 1722 798 1764 ad
813 1720 879 1764 fidem
897 1723 983 1779 speeie-

52 1815 123 1857 tsuus
134 1804 231 1855 veniunt,
248 1802 284 1857 qui
298 1811 413 1853 pnumero
428 1800 492 1856 regni
506 1800 603 1845 caelestis
619 1802 776 1858 excluduntur3
799 1804 849 1859 quia
866 1803 983 1847 electorum

55 1899 169 1932 stammam
187 1897 226 1926 sua
243 1880 343 1925 videlicet
361 1880 521 1941 multiplicitate
532 1884 717 1928 transsceudunt.“
746 1883 819 1927 XXV.
836 1897 873 1936 21,
895 1884 985 1936 „Extra

56 1971 119 2012 lanne
136 1978 203 2024 qaam
220 1964 315 2021 dicimus
330 1961 458 2013 ecclesiam,
479 1976 543 2006 aterno
559 1965 587 2007 ad
600 1963 763 2023 perfectionem,
784 1977 849 2006 nemo
866 1964 894 2006 ad
912 1964 984 2019 uitam,

56 2050 97 2092 nisi
114 2060 163 2105 per·
183 2029 244 2088 hane
262 2043 334 2086 aulam
355 2042 424 2100 grstia
446 2040 534 2086 fovente
560 2045 676 2088 nutritur,“
713 2046 784 2102 Super
804 2044 887 2087 cantica
909 2046 984 2088 cantic.

57 2146 107 2188 exp.
127 2142 173 2184 cu·
190 2126 224 2170 Vl·
242 2122 259 2182 i·
277 2136 298 2181 91
778 2182 780 2184 ,

125 2223 146 2253 2.
161 2209 205 2264 Qui
219 2208 247 2250 ad
263 2206 380 2248 electorum
393 2218 510 2248 numerum
523 2218 567 2249 nou
584 2205 698 2261 pertinent,
712 2206 795 2262 gratiae
812 2204 926 2262 participes
941 2218 984 2247 non

58 2293 155 2344 etvadunt
171 2297 236 2346 atque
251 2287 304 2330 adeo
318 2294 416 2344 peccant,
432 2293 454 2328 et
472 2286 590 2330 vitiositatis
605 2301 656 2337 suae
671 2300 762 2344 poenam
781 2286 859 2328 merito
873 2286 931 2327 dant.

125 2371 186 2426 „Etsi
202 2381 280 2424 corpus
294 2366 333 2429 sub
350 2368 462 2423 disciplina
478 2369 531 2418 est,“
548 2367 579 2426 [in
598 2366 665 2420 malis,
682 2381 737 2424 quae
752 2367 863 2427 hominem
881 2364 984 2429 efficiunt,

57 2455 94 2511 qui
109 2453 137 2496 ad
153 2449 241 2507 frugem
258 2461 300 2491 non
318 2447 383 2508 redit)
401 2461 457 2503 „cor
476 2447 515 2489 sub
533 2446 700 2502 disciplinanon
717 2454 758 2491 est:
782 2449 875 2509 dumet
888 2446 985 2506 flagella-

61 2541 95 2575 tur
111 2535 210 2592 quisque,
228 2536 335 2573 ettamen
354 2529 380 2590 ad
394 2528 540 2572 humilitatem
557 2528 635 2570 mentis
652 2541 694 2570 uon
711 2529 830 2586 reducitnn
864 2526 939 2582 Neque
955 2527 984 2572 ita

60 2613 102 2654 lioc
118 2616 207 2667 dicitur,
231 2627 256 2655 ac
274 2614 292 2655 si
311 2612 448 2668 omnipotens
471 2617 493 2652 et
509 2607 630 2652 misericors
648 2606 707 2650 Deus
724 2609 789 2663 longe
809 2619 847 2649 cor
865 2594 955 2650 hominis
972 2623 984 2651 a

59 2690 172 2748 disciplina
187 2693 261 2750 faciat:
277 2693 314 2737 sed
330 2694 390 2752 quod
403 2697 483 2751 sponte
498 2692 632 2748 delapsum,
655 2686 685 2731 tbi
700 2688 822 2739 remanere
840 2686 879 2730 aaut
895 2690 983 2751 cecidit,
