<?xml version="1.0" encoding="UTF-8"?>
<!DOCTYPE html PUBLIC "-//W3C//DTD XHTML 1.0 Transitional//EN"
    "http://www.w3.org/TR/xhtml1/DTD/xhtml1-transitional.dtd">
<html xmlns="http://www.w3.org/1999/xhtml" xml:lang="en" lang="en">
 <head>
  <title>
</title>
<meta http-equiv="Content-Type" content="text/html;charset=utf-8" />
  <meta name='ocr-system' content='tesseract 3.04.00' />
  <meta name='ocr-capabilities' content='ocr_page ocr_carea ocr_par ocr_line ocrx_word'/>
</head>
<body>
  <div class='ocr_page' id='page_1' title='image "MN41459ucmf_8_0103.png"; bbox 0 0 1999 2998; ppageno 0'>
   <div class='ocr_carea' id='block_1_1' title="bbox 33 163 951 422">
    <p class='ocr_par' dir='ltr' id='par_1_1' title="bbox 33 163 951 422">
     <span class='ocr_line' id='line_1_1' title="bbox 430 163 556 229; baseline 0.016 -2"><span class='ocrx_word' id='word_1_1' title='bbox 430 163 556 229; x_wconf 35' lang='lat' dir='ltr'><strong>*aa*</strong></span> 
     </span>
     <span class='ocr_line' id='line_1_2' title="bbox 90 277 951 338; baseline -0.002 -14"><span class='ocrx_word' id='word_1_2' title='bbox 90 282 110 324; x_wconf 87' lang='lat'><strong>5.</strong></span> <span class='ocrx_word' id='word_1_3' title='bbox 125 280 256 326; x_wconf 82' lang='lat' dir='ltr'><strong>Gravissima</strong></span> <span class='ocrx_word' id='word_1_4' title='bbox 272 288 343 326; x_wconf 82' lang='lat' dir='ltr'><strong>autem</strong></span> <span class='ocrx_word' id='word_1_5' title='bbox 359 283 523 338; x_wconf 84' lang='lat' dir='ltr'><strong>poenapeccati</strong></span> <span class='ocrx_word' id='word_1_6' title='bbox 541 279 654 326; x_wconf 83' lang='lat' dir='ltr'><strong>Ademitici</strong></span> <span class='ocrx_word' id='word_1_7' title='bbox 671 288 704 325; x_wconf 86' lang='lat' dir='ltr'><strong>est</strong></span> <span class='ocrx_word' id='word_1_8' title='bbox 719 292 791 338; x_wconf 88' lang='lat' dir='ltr'><strong>poena</strong></span> <span class='ocrx_word' id='word_1_9' title='bbox 807 277 906 332; x_wconf 86' lang='lat' dir='ltr'><strong>moralis,</strong></span> <span class='ocrx_word' id='word_1_10' title='bbox 930 279 951 323; x_wconf 84' lang='lat' dir='ltr'><strong>id</strong></span> 
     </span>
     <span class='ocr_line' id='line_1_3' title="bbox 33 354 748 422; baseline -0.006 -15"><span class='ocrx_word' id='word_1_11' title='bbox 33 370 65 416; x_wconf 82' lang='lat' dir='ltr'><strong>est</strong></span> <span class='ocrx_word' id='word_1_12' title='bbox 80 369 191 422; x_wconf 85' lang='lat' dir='ltr'><strong>peccatum</strong></span> <span class='ocrx_word' id='word_1_13' title='bbox 208 362 318 419; x_wconf 79' lang='lat' dir='ltr'><strong>originale,</strong></span> <span class='ocrx_word' id='word_1_14' title='bbox 331 354 380 419; x_wconf 50' lang='lat' dir='ltr'><strong>‘quo</strong></span> <span class='ocrx_word' id='word_1_15' title='bbox 393 370 470 407; x_wconf 88' lang='lat' dir='ltr'><strong>natura</strong></span> <span class='ocrx_word' id='word_1_16' title='bbox 486 363 579 405; x_wconf 89' lang='lat' dir='ltr'><strong>humana</strong></span> <span class='ocrx_word' id='word_1_17' title='bbox 594 372 693 420; x_wconf 90' lang='lat' dir='ltr'><strong>corrupta</strong></span> <span class='ocrx_word' id='word_1_18' title='bbox 710 369 748 406; x_wconf 84' lang='lat' dir='ltr'><strong>est.</strong></span> 
     </span>
    </p>
   </div>
   <div class='ocr_carea' id='block_1_2' title="bbox 27 460 950 1085">
    <p class='ocr_par' dir='ltr' id='par_1_2' title="bbox 27 460 950 1085">
     <span class='ocr_line' id='line_1_4' title="bbox 82 460 950 519; baseline -0.001 -12"><span class='ocrx_word' id='word_1_19' title='bbox 82 465 111 508; x_wconf 77' lang='lat' dir='ltr'><strong>n.</strong></span> <span class='ocrx_word' id='word_1_20' title='bbox 135 465 250 508; x_wconf 81' lang='lat' dir='ltr'><strong>Peccatum</strong></span> <span class='ocrx_word' id='word_1_21' title='bbox 273 462 376 517; x_wconf 80' lang='lat' dir='ltr'>originale</span> <span class='ocrx_word' id='word_1_22' title='bbox 400 468 432 505; x_wconf 87' lang='lat' dir='ltr'><strong>est</strong></span> <span class='ocrx_word' id='word_1_23' title='bbox 452 463 540 519; x_wconf 90' lang='lat' dir='ltr'><strong>quidam</strong></span> <span class='ocrx_word' id='word_1_24' title='bbox 558 460 654 507; x_wconf 78' lang='lat' dir='ltr'><strong>defectus</strong></span> <span class='ocrx_word' id='word_1_25' title='bbox 670 464 755 507; x_wconf 89' lang='lat' dir='ltr'><strong>moralis</strong></span> <span class='ocrx_word' id='word_1_26' title='bbox 769 464 884 516; x_wconf 76' lang='lat' dir='ltr'><strong>libertatis,</strong></span> <span class='ocrx_word' id='word_1_27' title='bbox 906 477 950 519; x_wconf 87' lang='lat' dir='ltr'><strong>quo</strong></span> 
     </span>
     <span class='ocr_line' id='line_1_5' title="bbox 28 543 949 603; baseline -0.004 -13"><span class='ocrx_word' id='word_1_28' title='bbox 28 547 100 600; x_wconf 86' lang='lat' dir='ltr'><strong>homo,</strong></span> <span class='ocrx_word' id='word_1_29' title='bbox 114 545 182 602; x_wconf 90' lang='lat' dir='ltr'><strong>qualis</strong></span> <span class='ocrx_word' id='word_1_30' title='bbox 196 556 254 587; x_wconf 89' lang='lat' dir='ltr'><strong>nunc</strong></span> <span class='ocrx_word' id='word_1_31' title='bbox 270 543 373 597; x_wconf 82' lang='lat' dir='ltr'><strong>nascitur,</strong></span> <span class='ocrx_word' id='word_1_32' title='bbox 397 545 415 586; x_wconf 89' lang='lat' dir='ltr'><strong>si</strong></span> <span class='ocrx_word' id='word_1_33' title='bbox 433 544 460 586; x_wconf 90' lang='lat' dir='ltr'><strong>‹le</strong></span> <span class='ocrx_word' id='word_1_34' title='bbox 476 543 575 588; x_wconf 87' lang='lat' dir='ltr'><strong>libertate</strong></span> <span class='ocrx_word' id='word_1_35' title='bbox 593 551 616 587; x_wconf 87' lang='lat' dir='ltr'><strong>ut</strong></span> <span class='ocrx_word' id='word_1_36' title='bbox 635 552 696 589; x_wconf 81' lang='lat' dir='ltr'><strong>stetu</strong></span> <span class='ocrx_word' id='word_1_37' title='bbox 712 544 835 603; x_wconf 86' lang='lat' dir='ltr'><strong>quaeritur,</strong></span> <span class='ocrx_word' id='word_1_38' title='bbox 864 545 949 587; x_wconf 88' lang='lat' dir='ltr'><strong>solum-</strong></span> 
     </span>
     <span class='ocr_line' id='line_1_6' title="bbox 28 624 947 684; baseline -0.005 -12"><span class='ocrx_word' id='word_1_39' title='bbox 28 629 92 672; x_wconf 85' lang='lat' dir='ltr'>modo</span> <span class='ocrx_word' id='word_1_40' title='bbox 112 629 140 669; x_wconf 86' lang='lat' dir='ltr'><strong>ad</strong></span> <span class='ocrx_word' id='word_1_41' title='bbox 160 625 216 668; x_wconf 86' lang='lat' dir='ltr'><strong>male</strong></span> <span class='ocrx_word' id='word_1_42' title='bbox 233 625 339 681; x_wconf 85' lang='lat' dir='ltr'><strong>agendum</strong></span> <span class='ocrx_word' id='word_1_43' title='bbox 358 624 413 667; x_wconf 83' lang='lat' dir='ltr'><strong>liber</strong></span> <span class='ocrx_word' id='word_1_44' title='bbox 433 631 471 667; x_wconf 87' lang='lat' dir='ltr'><strong>est.</strong></span> <span class='ocrx_word' id='word_1_45' title='bbox 507 625 529 667; x_wconf 87' lang='lat' dir='ltr'><strong>Si</strong></span> <span class='ocrx_word' id='word_1_46' title='bbox 549 638 600 671; x_wconf 81' lang='lat' dir='ltr'><strong>vero</strong></span> <span class='ocrx_word' id='word_1_47' title='bbox 621 625 648 667; x_wconf 89' lang='lat' dir='ltr'><strong>de</strong></span> <span class='ocrx_word' id='word_1_48' title='bbox 668 626 766 672; x_wconf 84' lang='lat' dir='ltr'><strong>libertato</strong></span> <span class='ocrx_word' id='word_1_49' title='bbox 786 634 811 670; x_wconf 89' lang='lat' dir='ltr'><strong>ut</strong></span> <span class='ocrx_word' id='word_1_50' title='bbox 824 627 947 684; x_wconf 74' lang='lat' dir='ltr'><strong>facultate</strong></span> 
     </span>
     <span class='ocr_line' id='line_1_7' title="bbox 28 704 947 766; baseline -0.008 -13"><span class='ocrx_word' id='word_1_51' title='bbox 28 709 114 755; x_wconf 84' lang='lat' dir='ltr'><strong>volendi</strong></span> <span class='ocrx_word' id='word_1_52' title='bbox 132 707 254 764; x_wconf 85' lang='lat' dir='ltr'><strong>quaeritur,</strong></span> <span class='ocrx_word' id='word_1_53' title='bbox 277 706 343 747; x_wconf 88' lang='lat' dir='ltr'><strong>bomo</strong></span> <span class='ocrx_word' id='word_1_54' title='bbox 360 704 386 747; x_wconf 76' lang='lat' dir='ltr'><strong>ea</strong></span> <span class='ocrx_word' id='word_1_55' title='bbox 403 706 425 748; x_wconf 90' lang='lat' dir='ltr'><strong>in</strong></span> <span class='ocrx_word' id='word_1_56' title='bbox 442 706 563 748; x_wconf 87' lang='lat' dir='ltr'><strong>conditione</strong></span> <span class='ocrx_word' id='word_1_57' title='bbox 585 720 623 748; x_wconf 85' lang='lat' dir='ltr'><strong>sua</strong></span> <span class='ocrx_word' id='word_1_58' title='bbox 641 708 743 751; x_wconf 83' lang='lat' dir='ltr'><strong>hodierna</strong></span> <span class='ocrx_word' id='word_1_59' title='bbox 762 711 836 766; x_wconf 85' lang='lat' dir='ltr'><strong>utique</strong></span> <span class='ocrx_word' id='word_1_60' title='bbox 857 707 947 763; x_wconf 67' lang='lat' dir='ltr'><strong>gautlet,</strong></span> 
     </span>
     <span class='ocr_line' id='line_1_8' title="bbox 27 787 946 845; baseline -0.007 -10"><span class='ocrx_word' id='word_1_61' title='bbox 27 792 131 836; x_wconf 89' lang='lat' dir='ltr'><strong>Liberum</strong></span> <span class='ocrx_word' id='word_1_62' title='bbox 148 788 260 830; x_wconf 85' lang='lat' dir='ltr'><strong>arbitrium</strong></span> <span class='ocrx_word' id='word_1_63' title='bbox 278 787 319 828; x_wconf 89' lang='lat' dir='ltr'><strong>hoo</strong></span> <span class='ocrx_word' id='word_1_64' title='bbox 337 797 401 828; x_wconf 88' lang='lat' dir='ltr'><strong>sensu</strong></span> <span class='ocrx_word' id='word_1_65' title='bbox 417 787 550 830; x_wconf 85' lang='lat' dir='ltr'>solummodo</span> <span class='ocrx_word' id='word_1_66' title='bbox 566 788 718 842; x_wconf 80' lang='lat' dir='ltr'><strong>debilitatum,</strong></span> <span class='ocrx_word' id='word_1_67' title='bbox 744 793 839 833; x_wconf 84' lang='lat' dir='ltr'><strong>sednon</strong></span> <span class='ocrx_word' id='word_1_68' title='bbox 857 801 946 845; x_wconf 89' lang='lat' dir='ltr'><strong>prorsus</strong></span> 
     </span>
     <span class='ocr_line' id='line_1_9' title="bbox 28 866 944 922; baseline -0.005 -7"><span class='ocrx_word' id='word_1_69' title='bbox 28 873 147 915; x_wconf 80' lang='lat' dir='ltr'><strong>extinctum</strong></span> <span class='ocrx_word' id='word_1_70' title='bbox 165 874 203 909; x_wconf 83' lang='lat' dir='ltr'><strong>est.</strong></span> <span class='ocrx_word' id='word_1_71' title='bbox 240 866 356 922; x_wconf 88' lang='lat' dir='ltr'><strong>Corruptio</strong></span> <span class='ocrx_word' id='word_1_72' title='bbox 375 867 441 921; x_wconf 86' lang='lat' dir='ltr'><strong>igitur</strong></span> <span class='ocrx_word' id='word_1_73' title='bbox 463 870 548 911; x_wconf 88' lang='lat' dir='ltr'><strong>moralis</strong></span> <span class='ocrx_word' id='word_1_74' title='bbox 568 883 611 911; x_wconf 92' lang='lat' dir='ltr'><strong>non</strong></span> <span class='ocrx_word' id='word_1_75' title='bbox 633 870 728 914; x_wconf 88' lang='lat' dir='ltr'><strong>absoluto</strong></span> <span class='ocrx_word' id='word_1_76' title='bbox 752 873 828 916; x_wconf 86' lang='lat' dir='ltr'><strong>virium</strong></span> <span class='ocrx_word' id='word_1_77' title='bbox 855 868 944 913; x_wconf 79' lang='lat' dir='ltr'><strong>defectu</strong></span> 
     </span>
     <span class='ocr_line' id='line_1_10' title="bbox 27 945 944 1010; baseline 0 -18"><span class='ocrx_word' id='word_1_78' title='bbox 27 949 106 1007; x_wconf 82' lang='lat' dir='ltr'><strong>(morte</strong></span> <span class='ocrx_word' id='word_1_79' title='bbox 122 945 213 1004; x_wconf 86' lang='lat' dir='ltr'><strong>morali),</strong></span> <span class='ocrx_word' id='word_1_80' title='bbox 232 947 271 989; x_wconf 85' lang='lat' dir='ltr'><strong>sed</strong></span> <span class='ocrx_word' id='word_1_81' title='bbox 285 947 384 1004; x_wconf 81' lang='lat' dir='ltr'><strong>quadum</strong></span> <span class='ocrx_word' id='word_1_82' title='bbox 399 949 544 1005; x_wconf 74' lang='lat' dir='ltr'><strong>aegritudine</strong></span> <span class='ocrx_word' id='word_1_83' title='bbox 561 951 667 1005; x_wconf 83' lang='lat' dir='ltr'><strong>cernitur,</strong></span> <span class='ocrx_word' id='word_1_84' title='bbox 684 952 706 994; x_wconf 89' lang='lat' dir='ltr'><strong>in</strong></span> <span class='ocrx_word' id='word_1_85' title='bbox 720 967 761 1010; x_wconf 84' lang='lat' dir='ltr'><strong>qua</strong></span> <span class='ocrx_word' id='word_1_86' title='bbox 775 954 851 1006; x_wconf 90' lang='lat' dir='ltr'><strong>homo,</strong></span> <span class='ocrx_word' id='word_1_87' title='bbox 868 958 892 994; x_wconf 89' lang='lat' dir='ltr'><strong>nt</strong></span> <span class='ocrx_word' id='word_1_88' title='bbox 906 965 944 993; x_wconf 78' lang='lat' dir='ltr'><strong>sa-</strong></span> 
     </span>
     <span class='ocr_line' id='line_1_11' title="bbox 28 1024 877 1085; baseline -0.006 -9"><span class='ocrx_word' id='word_1_89' title='bbox 28 1040 102 1085; x_wconf 86' lang='lat' dir='ltr'><strong>netur,</strong></span> <span class='ocrx_word' id='word_1_90' title='bbox 122 1030 207 1073; x_wconf 86' lang='lat' dir='ltr'><strong>medico</strong></span> <span class='ocrx_word' id='word_1_91' title='bbox 221 1028 309 1085; x_wconf 80' lang='lat' dir='ltr'><strong>indiget·</strong></span> <span class='ocrx_word' id='word_1_92' title='bbox 411 1024 413 1028; x_wconf 41' lang='lat'>⁸</span> <span class='ocrx_word' id='word_1_93' title='bbox 872 1029 877 1037; x_wconf 82' lang='lat'>&#39;</span> 
     </span>
    </p>
   </div>
   <div class='ocr_carea' id='block_1_3' title="bbox 27 1129 943 1270">
    <p class='ocr_par' dir='ltr' id='par_1_3' title="bbox 27 1129 943 1270">
     <span class='ocr_line' id='line_1_12' title="bbox 89 1129 943 1189; baseline -0.005 -15"><span class='ocrx_word' id='word_1_94' title='bbox 89 1147 109 1187; x_wconf 86' lang='lat'><strong>7.</strong></span> <span class='ocrx_word' id='word_1_95' title='bbox 129 1132 245 1174; x_wconf 76' lang='lat' dir='ltr'><strong>Peccatum</strong></span> <span class='ocrx_word' id='word_1_96' title='bbox 260 1129 362 1186; x_wconf 80' lang='lat' dir='ltr'><strong>originale</strong></span> <span class='ocrx_word' id='word_1_97' title='bbox 377 1132 515 1188; x_wconf 78' lang='lat' dir='ltr'><strong>generatione</strong></span> <span class='ocrx_word' id='word_1_98' title='bbox 532 1139 666 1189; x_wconf 81' lang='lat' dir='ltr'><strong>propagatur.</strong></span> <span class='ocrx_word' id='word_1_99' title='bbox 697 1134 772 1176; x_wconf 85' lang='lat' dir='ltr'><strong>Omnis</strong></span> <span class='ocrx_word' id='word_1_100' title='bbox 789 1131 855 1187; x_wconf 79' lang='lat' dir='ltr'><strong>igitur</strong></span> <span class='ocrx_word' id='word_1_101' title='bbox 871 1130 943 1182; x_wconf 83' lang='lat' dir='ltr'><strong>homo,</strong></span> 
     </span>
     <span class='ocr_line' id='line_1_13' title="bbox 27 1210 943 1270; baseline -0.007 -14"><span class='ocrx_word' id='word_1_102' title='bbox 27 1215 112 1257; x_wconf 87' lang='lat' dir='ltr'><strong>Christo</strong></span> <span class='ocrx_word' id='word_1_103' title='bbox 126 1212 171 1254; x_wconf 90' lang='lat' dir='ltr'><strong>solo</strong></span> <span class='ocrx_word' id='word_1_104' title='bbox 185 1219 288 1268; x_wconf 79' lang='lat' dir='ltr'><strong>excepto,</strong></span> <span class='ocrx_word' id='word_1_105' title='bbox 309 1213 339 1256; x_wconf 94' lang='lat' dir='ltr'><strong>illi</strong></span> <span class='ocrx_word' id='word_1_106' title='bbox 356 1221 446 1270; x_wconf 83' lang='lat' dir='ltr'><strong>peccato</strong></span> <span class='ocrx_word' id='word_1_107' title='bbox 460 1222 524 1270; x_wconf 87' lang='lat' dir='ltr'><strong>atque</strong></span> <span class='ocrx_word' id='word_1_108' title='bbox 539 1221 639 1258; x_wconf 83' lang='lat' dir='ltr'><strong>aeternae</strong></span> <span class='ocrx_word' id='word_1_109' title='bbox 654 1214 799 1266; x_wconf 79' lang='lat' dir='ltr'><strong>damnationi,</strong></span> <span class='ocrx_word' id='word_1_110' title='bbox 823 1224 878 1268; x_wconf 88' lang='lat' dir='ltr'><strong>quae</strong></span> <span class='ocrx_word' id='word_1_111' title='bbox 893 1210 943 1252; x_wconf 84' lang='lat' dir='ltr'><strong>inde</strong></span> 
     </span>
    </p>
   </div>
   <div class='ocr_carea' id='block_1_4' title="bbox 26 1293 766 1353">
    <p class='ocr_par' dir='ltr' id='par_1_4' title="bbox 26 1293 766 1353">
     <span class='ocr_line' id='line_1_14' title="bbox 26 1293 766 1353; baseline -0.007 -15"><span class='ocrx_word' id='word_1_112' title='bbox 26 1294 179 1353; x_wconf 86' lang='lat' dir='ltr'><strong>proficiscitur,</strong></span> <span class='ocrx_word' id='word_1_113' title='bbox 205 1293 245 1336; x_wconf 84' lang='lat' dir='ltr'><strong>nisi</strong></span> <span class='ocrx_word' id='word_1_114' title='bbox 263 1307 302 1349; x_wconf 88' lang='lat' dir='ltr'><strong>per</strong></span> <span class='ocrx_word' id='word_1_115' title='bbox 318 1293 428 1336; x_wconf 87' lang='lat' dir='ltr'><strong>Christum</strong></span> <span class='ocrx_word' id='word_1_116' title='bbox 449 1296 579 1348; x_wconf 84' lang='lat' dir='ltr'><strong>renascitur,</strong></span> <span class='ocrx_word' id='word_1_117' title='bbox 604 1294 709 1336; x_wconf 77' lang='lat' dir='ltr'><strong>obnoxius</strong></span> <span class='ocrx_word' id='word_1_118' title='bbox 728 1298 766 1334; x_wconf 54' lang='lat' dir='ltr'><strong>est,</strong></span> 
     </span>
    </p>
   </div>
   <div class='ocr_carea' id='block_1_5' title="bbox 451 1434 521 1493">
    <p class='ocr_par' dir='ltr' id='par_1_5' title="bbox 451 1434 521 1493">
     <span class='ocr_line' id='line_1_15' title="bbox 451 1434 521 1493; baseline 0 -15"><span class='ocrx_word' id='word_1_119' title='bbox 451 1434 469 1493; x_wconf 62' lang='lat' dir='ltr'><strong>t.</strong></span> <span class='ocrx_word' id='word_1_120' title='bbox 487 1437 521 1479; x_wconf 75' lang='lat'><strong>24.</strong></span> 
     </span>
    </p>
   </div>
   <div class='ocr_carea' id='block_1_6' title="bbox 26 1532 943 1905">
    <p class='ocr_par' dir='ltr' id='par_1_6' title="bbox 26 1532 943 1905">
     <span class='ocr_line' id='line_1_16' title="bbox 87 1532 943 1596; baseline -0.012 -15"><span class='ocrx_word' id='word_1_121' title='bbox 87 1536 122 1581; x_wconf 82' lang='lat' dir='ltr'><strong>Ex</strong></span> <span class='ocrx_word' id='word_1_122' title='bbox 138 1538 180 1580; x_wconf 84' lang='lat' dir='ltr'><strong>hac</strong></span> <span class='ocrx_word' id='word_1_123' title='bbox 195 1544 267 1581; x_wconf 86' lang='lat' dir='ltr'><strong>nostra</strong></span> <span class='ocrx_word' id='word_1_124' title='bbox 283 1536 425 1594; x_wconf 85' lang='lat' dir='ltr'><strong>disputatione</strong></span> <span class='ocrx_word' id='word_1_125' title='bbox 440 1535 545 1591; x_wconf 86' lang='lat' dir='ltr'><strong>efficitur,</strong></span> <span class='ocrx_word' id='word_1_126' title='bbox 562 1537 693 1593; x_wconf 83' lang='lat' dir='ltr'><strong>Gregorium</strong></span> <span class='ocrx_word' id='word_1_127' title='bbox 709 1544 821 1596; x_wconf 86' lang='lat' dir='ltr'><strong>peceatum</strong></span> <span class='ocrx_word' id='word_1_128' title='bbox 839 1532 943 1589; x_wconf 79' lang='lat' dir='ltr'><strong>originale</strong></span> 
     </span>
     <span class='ocr_line' id='line_1_17' title="bbox 27 1612 943 1674; baseline -0.012 -11"><span class='ocrx_word' id='word_1_129' title='bbox 27 1621 87 1664; x_wconf 90' lang='lat' dir='ltr'><strong>nullo</strong></span> <span class='ocrx_word' id='word_1_130' title='bbox 104 1620 169 1662; x_wconf 84' lang='lat' dir='ltr'><strong>modo</strong></span> <span class='ocrx_word' id='word_1_131' title='bbox 188 1632 214 1661; x_wconf 92' lang='lat' dir='ltr'><strong>eo</strong></span> <span class='ocrx_word' id='word_1_132' title='bbox 229 1633 304 1671; x_wconf 87' lang='lat' dir='ltr'><strong>sensu,</strong></span> <span class='ocrx_word' id='word_1_133' title='bbox 325 1633 367 1674; x_wconf 92' lang='lat' dir='ltr'><strong>quo</strong></span> <span class='ocrx_word' id='word_1_134' title='bbox 383 1618 522 1674; x_wconf 82' lang='lat' dir='ltr'><strong>Augustinus,</strong></span> <span class='ocrx_word' id='word_1_135' title='bbox 542 1617 634 1674; x_wconf 85' lang='lat' dir='ltr'><strong>cepisse,</strong></span> <span class='ocrx_word' id='word_1_136' title='bbox 656 1619 694 1660; x_wconf 86' lang='lat' dir='ltr'><strong>sod</strong></span> <span class='ocrx_word' id='word_1_137' title='bbox 709 1619 780 1674; x_wconf 88' lang='lat' dir='ltr'><strong>potius</strong></span> <span class='ocrx_word' id='word_1_138' title='bbox 796 1631 829 1669; x_wconf 86' lang='lat' dir='ltr'><strong>se,</strong></span> <span class='ocrx_word' id='word_1_139' title='bbox 846 1612 943 1670; x_wconf 86' lang='lat' dir='ltr'><strong>quamvis</strong></span> 
     </span>
     <span class='ocr_line' id='line_1_18' title="bbox 26 1691 943 1755; baseline -0.012 -12"><span class='ocrx_word' id='word_1_140' title='bbox 26 1703 127 1752; x_wconf 85' lang='lat' dir='ltr'><strong>inscium,</strong></span> <span class='ocrx_word' id='word_1_141' title='bbox 143 1702 165 1742; x_wconf 87' lang='lat' dir='ltr'><strong>in</strong></span> <span class='ocrx_word' id='word_1_142' title='bbox 184 1700 377 1755; x_wconf 83' lang='lat' dir='ltr'><strong>Semipelagianam</strong></span> <span class='ocrx_word' id='word_1_143' title='bbox 394 1700 486 1742; x_wconf 87' lang='lat' dir='ltr'><strong>mediam</strong></span> <span class='ocrx_word' id='word_1_144' title='bbox 504 1698 561 1740; x_wconf 91' lang='lat' dir='ltr'><strong>illam</strong></span> <span class='ocrx_word' id='word_1_145' title='bbox 577 1699 632 1741; x_wconf 83' lang='lat' dir='ltr'><strong>viam</strong></span> <span class='ocrx_word' id='word_1_146' title='bbox 647 1698 715 1753; x_wconf 81' lang='lat' dir='ltr'><strong>abripi</strong></span> <span class='ocrx_word' id='word_1_147' title='bbox 733 1712 819 1754; x_wconf 85' lang='lat' dir='ltr'><strong>passum</strong></span> <span class='ocrx_word' id='word_1_148' title='bbox 837 1709 888 1737; x_wconf 88' lang='lat' dir='ltr'><strong>esse.</strong></span> <span class='ocrx_word' id='word_1_149' title='bbox 918 1691 943 1732; x_wconf 91' lang='lat' dir='ltr'><strong>Id</strong></span> 
     </span>
     <span class='ocr_line' id='line_1_19' title="bbox 27 1777 940 1836; baseline -0.01 -13"><span class='ocrx_word' id='word_1_150' title='bbox 27 1782 103 1823; x_wconf 91' lang='lat' dir='ltr'><strong>clarius</strong></span> <span class='ocrx_word' id='word_1_151' title='bbox 119 1780 182 1822; x_wconf 86' lang='lat' dir='ltr'><strong>etiam</strong></span> <span class='ocrx_word' id='word_1_152' title='bbox 198 1779 310 1834; x_wconf 84' lang='lat' dir='ltr'><strong>apparebit</strong></span> <span class='ocrx_word' id='word_1_153' title='bbox 325 1793 352 1819; x_wconf 79' lang='lat' dir='ltr'><strong>cx</strong></span> <span class='ocrx_word' id='word_1_154' title='bbox 367 1781 467 1832; x_wconf 85' lang='lat' dir='ltr'><strong>Gregorii</strong></span> <span class='ocrx_word' id='word_1_155' title='bbox 482 1779 577 1820; x_wconf 84' lang='lat' dir='ltr'><strong>doctrina</strong></span> <span class='ocrx_word' id='word_1_156' title='bbox 594 1780 621 1821; x_wconf 80' lang='lat' dir='ltr'><strong>ne</strong></span> <span class='ocrx_word' id='word_1_157' title='bbox 637 1779 716 1836; x_wconf 81' lang='lat' dir='ltr'><strong>gratia,</strong></span> <span class='ocrx_word' id='word_1_158' title='bbox 735 1786 757 1824; x_wconf 88' lang='lat' dir='ltr'><strong>ot</strong></span> <span class='ocrx_word' id='word_1_159' title='bbox 775 1777 868 1828; x_wconf 85' lang='lat' dir='ltr'><strong>ratione,</strong></span> <span class='ocrx_word' id='word_1_160' title='bbox 884 1785 940 1830; x_wconf 82' lang='lat' dir='ltr'><strong>quae</strong></span> 
     </span>
     <span class='ocr_line' id='line_1_20' title="bbox 27 1845 563 1905; baseline -0.013 -1"><span class='ocrx_word' id='word_1_161' title='bbox 27 1864 82 1905; x_wconf 86' lang='lat' dir='ltr'><strong>iuter</strong></span> <span class='ocrx_word' id='word_1_162' title='bbox 95 1860 153 1904; x_wconf 86' lang='lat' dir='ltr'><strong>illam</strong></span> <span class='ocrx_word' id='word_1_163' title='bbox 169 1866 191 1903; x_wconf 87' lang='lat' dir='ltr'><strong>et</strong></span> <span class='ocrx_word' id='word_1_164' title='bbox 205 1857 298 1900; x_wconf 87' lang='lat' dir='ltr'><strong>liberum</strong></span> <span class='ocrx_word' id='word_1_165' title='bbox 317 1845 428 1902; x_wconf 84' lang='lat' dir='ltr'><strong>arbitrium</strong></span> <span class='ocrx_word' id='word_1_166' title='bbox 442 1858 563 1902; x_wconf 75' lang='lat' dir='ltr'><strong>intercedit,</strong></span> 
     </span>
    </p>
   </div>
   <div class='ocr_carea' id='block_1_7' title="bbox 0 0 1004 2998">
    <p class='ocr_par' dir='ltr' id='par_1_7' title="bbox 0 0 1004 2998">
     <span class='ocr_line' id='line_1_21' title="bbox 0 0 1004 2998; baseline 0 1"><span class='ocrx_word' id='word_1_167' title='bbox 0 0 1004 2998; x_wconf 95' lang='lat' dir='ltr'><strong> </strong></span> 
     </span>
    </p>
   </div>
  </div>
 </body>
</html>
