1999 2998
496 98 511 140 9

43 215 105 260 initia
123 227 174 274 ergo
191 214 261 258 bonae
275 213 494 278 voluntatislramini,
514 216 564 258 boni
581 215 652 273 operis
667 211 775 272 perfectio
791 213 850 266 Deo,
864 215 964 272 Semipe-

41 299 174 356 lagianorum
191 309 263 351 more,
287 295 444 341 adscribuntur.
479 297 503 339 ln
521 298 591 353 capite
610 310 668 338 nono
690 296 746 339 vitae
769 301 872 339 aeternae
892 301 963 355 magi-

40 388 134 427 strorum
154 379 274 436 praesentia
289 363 407 434 multiplex
424 378 507 420 donam
525 382 624 428 vocatur,
643 377 707 433 „quio
724 378 817 441 cunctis,¹
840 380 880 436 qai
894 394 963 438 enare-

40 449 90 505 tere
104 460 227 509 coluerint,
253 456 370 512 affluenter
386 456 522 511 indulgetur,
545 457 605 510 juxta
622 455 685 498 illud:
713 458 783 499 Petite
804 467 826 501 et
844 462 968 518 accipietis„

40 542 104 585 Unde
119 540 233 596 vigilanter
247 537 421 597 incessanterque
434 534 500 578 debet
515 536 643 591 investigare
655 551 713 579 mens
727 538 822 582 humana
838 550 961 586 sanctorum

39 626 115 675 vitam,
136 626 160 661 ut
176 618 218 659 hoc
234 625 348 678 provocata
362 617 446 669 studio,
467 630 556 659 accensa
572 616 683 672 exemplo,
700 618 727 659 ad
741 633 766 660 ea
780 634 868 677 semper
883 629 962 665 exten-

40 706 115 754 datur,
132 712 187 757 quae
201 699 249 740 D'eo
265 699 324 742 novit
340 711 386 740 esse
404 698 553 754 acceptabilia,
585 703 610 740 ut
626 696 714 753 abipso
734 700 766 742 vel
782 710 892 746 mereatur
906 706 961 758 erui,

39 785 74 829 vel
89 781 156 836 possit
169 779 246 820 audiri.
276 778 339 821 Haec
354 784 427 820 autem
444 778 471 820 ab
486 777 531 833 ejus
546 778 656 833 majestate
672 778 802 834 quaerebant
822 786 889 827 sancti
907 799 962 841 pcr-

40 861 120 916 cipere,
134 865 246 915 poscentes
262 859 342 916 jugiter
356 860 434 916 utipse
450 859 572 901 insinuaret
581 849 657 908 corde,r
668 859 714 914 ipse
728 860 840 915 perficeret
856 866 960 923 inopere,

39 942 86 997 ipsc
101 940 226 997 loqueretur
240 940 262 982 in
279 954 323 983 ore.
354 941 405 997 Quo
414 941 515 997 facilins
528 947 619 997 purgata
633 953 700 993 mens,
717 940 850 998 cogitatione,
862 947 960 1003 eloquio,

40 1023 122 1064 actione
143 1021 246 1076 cogitaret
264 1027 348 1074 sancta,
375 1020 502 1077 loqueretur
525 1021 592 1077 justa,
619 1028 744 1077 operaretur
767 1022 865 1067 honesta.
897 1027 961 1070 Unde

39 1086 170 1146 factumest
187 1108 222 1153 ut,
249 1102 339 1145 damin
356 1101 399 1155 his,
424 1116 479 1158 quae
494 1102 605 1147 divinitate
619 1109 668 1145 sunt
682 1103 772 1159 placita,
793 1102 962 1162 famulabantur,

25 1168 163 1228 obtinerent
181 1181 221 1225 sibi
238 1183 319 1226 remitti
328 1182 411 1239 peceati
420 1182 525 1238 debiturn,
542 1189 670 1226 eruerentur
686 1198 698 1225 a
714 1185 775 1228 coeni
788 1187 894 1230 sordentis
907 1202 964 1232 con-

38 1267 109 1321 tagio,
126 1264 219 1306 coeleste
234 1278 280 1319 pro
298 1264 386 1306 meritis
399 1263 542 1307 invitarentur
557 1265 584 1306 ad
602 1277 699 1319 regnum.
714 1286 744 1297 -
767 1266 831 1309 Unde
846 1275 867 1311 et
881 1282 920 1312 nos
939 1270 962 1312 in

38 1346 153 1405 praeconio
168 1331 241 1406 devoti
255 1346 304 1388 Deo
320 1342 397 1387 famuli
408 1344 501 1389 Venanti
515 1344 598 1388 abbatis
614 1344 674 1387 effari
689 1347 788 1400 nitentes,
800 1348 905 1391 divinitati
915 1351 960 1406 Po-

39 1430 81 1471 tius
95 1428 151 1469 dona
164 1439 203 1468 sua
218 1422 345 1482 referimus,
354 1425 404 1482 quia
418 1426 516 1469 dextram
529 1426 573 1482 ejus
583 1423 721 1467 manifestum
735 1433 767 1468 est
781 1426 883 1481 effecisse,
900 1431 960 1485 quod

38 1514 122 1553 sanctos
140 1507 234 1550 constitit
247 1500 347 1564 operatos
363 1506 579 1562 esse;.deprecantes
594 1512 619 1548 ut
634 1505 716 1561 aperiat
732 1520 755 1547 os
771 1507 825 1548 muti
842 1508 870 1549 ad
885 1508 961 1564 publi-

39 1590 107 1633 canda
123 1601 189 1646 opera
204 1588 303 1630 antistitis
317 1587 362 1630 sui:
382 1587 432 1642 quia
448 1587 504 1629 sicut
520 1600 566 1629 esse
582 1599 620 1628 nos
636 1586 808 1641 recognoscimus
822 1589 910 1631 scientia
925 1596 961 1633 tc-

38 1683 98 1721 nues,
115 1670 144 1712 ita
158 1668 257 1712 novimus
271 1654 401 1711 couscientia
414 1668 559 1723 peccatores.“
591 1666 646 1708 Illud
662 1668 772 1729 ,facilius
784 1676 875 1726 purgata
885 1672 962 1714 mensi

38 1764 81 1793 non
101 1750 316 1806 praetermittendum
331 1756 374 1801 est,
390 1762 458 1804 quum
473 1747 610 1802 Pelagianam
625 1747 684 1788 illam
702 1750 880 1802 enunciationem,
894 1751 959 1805 adju-

34 1831 94 1886 torio
109 1830 180 1872 divino
189 1829 288 1883 facilins
302 1828 383 1870 bonum
399 1825 473 1884 perfici
488 1841 557 1883 posse,
574 1827 596 1868 in
612 1832 706 1868 mentem
722 1836 815 1875 revocet.
846 1830 871 1871 ln
887 1832 958 1886 eapite

38 1907 153 1955 undecimo
172 1908 281 1950 redemtor
299 1908 378 1951 dicitur
394 1914 503 1962 „mortem
524 1922 564 1965 pro
580 1907 674 1949 hominis
690 1915 779 1964 peccato
794 1911 874 1952 mortui
893 1924 959 1967 repa-

37 1994 121 2037 ratione
139 1991 228 2042 adiisse,
252 1990 365 2046 victorque
382 1989 537 2040 resurrexisse,
558 1988 595 2044 qui
609 2001 648 2029 nos
662 1988 758 2043 gravium
774 1988 895 2033 facinorum
913 1993 960 2048 spi-

38 2074 95 2115 culis
109 2073 221 2123 sauciatos,
234 2084 259 2112 ae
276 2070 385 2114 latronum
402 2071 549 2113 insidiantium
566 2068 690 2113 vulneribus
705 2069 802 2125 affectos,
818 2070 889 2114 infuso
904 2073 958 2114 meri

39 2153 124 2208 oleique
139 2151 224 2206 liquore
241 2152 268 2191 ad
287 2152 395 2194 stabulum
412 2151 533 2193 medicinae
549 2150 659 2202 coelestis,
686 2150 713 2208 id
730 2157 761 2192 cst
778 2153 889 2195 ecelesiae
903 2159 957 2195 satt-

38 2240 89 2276 ctae
105 2232 199 2289 dogma,
214 2230 347 2287 produxerit.
378 2230 423 2285 Qui
440 2243 478 2272 nos
495 2230 598 2285 exemplis
617 2238 739 2274 sanctorum
758 2232 837 2284 vivere,
855 2234 956 2275 incessa-

39 2315 77 2357 bili
88 2313 258 2369 praeceptionis
274 2324 332 2372 suae,
347 2324 441 2353 manere
457 2310 601 2360 cohortatam·
623 2310 727 2368 nobisque
743 2326 786 2355 non
808 2313 871 2355 modo
891 2314 956 2367 viros,

35 2380 76 2437 scd
89 2394 153 2436 etiam
170 2394 239 2447 ipsum
255 2391 380 2434 inferiorem
396 2405 480 2445 sexum,
497 2405 540 2434 non
556 2394 660 2449 segniter,
685 2394 724 2435 sed
737 2381 827 2436 viriliter
839 2394 957 2447 agonizan-

37 2484 82 2519 tem
100 2472 189 2531 praebet
203 2472 338 2527 exemplum,
356 2474 393 2528 qui
409 2486 453 2514 non
467 2473 537 2515 solum
554 2475 604 2516 viris
618 2474 713 2530 legitime
729 2474 898 2526 decertantibus,
916 2489 957 2518 ve-

38 2569 86 2598 num
109 2554 174 2597 etiam
198 2549 297 2593 foeminis
321 2551 343 2592 in
365 2549 398 2591 his
420 2552 508 2606 proeliis
527 2551 673 2599 favorabiliter
697 2552 850 2596 desudantibus
871 2555 957 2599 siderea

37 2650 104 2692 regna
124 2634 259 2691 participat.‘⁴
294 2631 402 2675 Medicina
422 2630 488 2685 igitur
507 2635 604 2678 coelestis
623 2633 740 2677 secundum
762 2633 895 2692 Gregorium
918 2652 956 2680 ec-

38 2717 115 2759 elesiae
132 2722 217 2760 sanctae
236 2716 336 2773 dogmate
355 2712 487 2767 continetur,
519 2715 646 2772 adjutorium
669 2728 722 2760 vero
745 2718 827 2773 gratiae
848 2720 875 2762 ad
896 2732 954 2762 mera
