1999 2998
441 86 570 151 *cr-

42 204 87 247 und
103 203 278 263 pelagianismus.
309 205 337 250 Τ.
354 220 374 251 1.
400 207 497 251 Berolini
516 208 582 251 1821.
599 206 671 265 p.181
685 217 744 263 seqq.
759 201 860 264 allegata.
891 203 935 247 Sed
947 208 969 248 in

43 299 70 329 eo
85 287 205 345 Gregorius
219 288 246 331 ab
261 286 382 346 Augustino
399 289 519 333 discessisse
539 290 636 343 uldetur,
660 288 718 345 quod
738 286 775 329 hio
795 286 870 344 primo
887 285 971 328 homini

42 355 225 414 immortalitatem
242 372 346 429 majorem
364 370 407 427 jam
427 384 467 426 per
485 371 676 413 commorationem
695 371 717 412 ira
738 376 819 423 terra,
840 369 879 413 ille
894 374 969 412 autem

42 452 65 495 in
79 442 145 496 caelo
159 453 286 510 assignabat.
317 450 453 506 „Redemtor
471 453 559 493 noster‘
577 451 646 508 inquit
663 449 717 493 Mor.
734 451 770 496 IV.
790 452 827 496 56.
850 466 907 509 „pro
925 465 970 494 no·-

41 541 98 578 atrae
113 534 191 592 culpae
208 533 283 575 debito
297 531 435 585 occumbens,
455 530 541 583 inferna
555 537 665 589 penetrat5
686 538 710 575 ut
726 547 781 587 suos,
800 534 838 591 qui
854 533 875 574 ei
889 532 969 575 inbae-

41 623 123 670 serant,
153 616 181 658 ad
198 609 310 658 caelestr'o
329 614 425 657 reducat.
457 614 501 657 Sed
517 628 560 670 quo
573 626 632 655 nunc
650 612 715 655 homo
731 615 843 658 redemtus
862 613 968 665 ascendit,

42 698 96 740 illito
114 697 183 740 etlam
201 710 246 739 noa
266 696 383 738 redemtus
401 695 551 748 ascenderet,
578 696 605 738 ad
622 689 686 752 'quod
703 696 861 752 praedicatores
881 701 968 739 sanctos

41 790 130 826 necesse
148 783 180 819 est
196 790 245 818 cum
261 789 340 832 magno
355 764 430 818 labore
444 777 579 832 pervenirc.“
809 760 810 763 Ἴ

104 856 139 900 Ad
152 857 210 898 bona
227 856 316 913 physica
329 854 407 899 Adami
425 857 477 899 item
492 857 621 914 pertinebat,
638 857 745 914 Gregorio
758 867 853 911 auctore,
870 857 966 901 vacuitas

43 938 140 981 omnium
156 938 304 981 molestiarum
322 937 357 982 rel
370 939 437 981 animi
450 937 484 983 vel
496 939 598 996 corporis.
629 937 663 982 Ab
677 940 734 981 omni
745 940 821 983 morbo
836 939 902 982 homo
917 938 966 996 pri-

43 1034 90 1062 mus
111 1020 167 1062 liber
188 1025 242 1062 erat.

101 1101 160 1145 Mor.
176 1101 232 1144 VIII.
253 1101 289 1144 55.
311 1101 347 1144 54.
379 1100 499 1157 Gregorius
522 1101 629 1144 molestias
652 1103 747 1160 eorporis
772 1110 794 1145 et
818 1102 898 1144 mentis
914 1099 968 1141 ³de-

38 1183 122 1242 pingit,
147 1183 226 1239 quibus
246 1183 312 1225 homo
332 1190 422 1241 propter
442 1175 646 1240 praevaricationem
666 1167 757 1239 primam
779 1196 840 1226 nuno
855 1180 984 1240 premitur,

42 1281 55 1309 a
79 1265 159 1329 quibus
183 1277 234 1320 ergo
256 1270 311 1311 ante
332 1266 563 1323 praevaricationem·
584 1264 640 1306 liber
667 1271 720 1307 erat.
744 1286 773 1296 —-
807 1264 872 1318 „Hoc
895 1258 968 1320 ipsum

42 1349 74 1390 in·
87 1348 128 1389 hae
150 1347 194 1390 vita
215 1347 348 1402 corruptioni
374 1361 414 1389 nos
440 1360 486 1389 esse
514 1346 631 1401 subjectos,
665 1346 708 1401 jam
735 1347 769 1399 del
789 1346 876 1402 flagello
900 1346 966 1387 ‹lisci-

41 1430 114 1487 plinae
130 1435 168 1470 est.
201 1428 274 1471 Aeeta
287 1428 346 1470 enlm
362 1434 385 1471 et
395 1428 508 1485 frigore,
521 1428 686 1484 fame-sitique
702 1427 807 1482 turbari,
823 1426 909 1470 morbis
925 1428 966 1483 af-

36 1511 90 1567 fici,
106 1510 241 1568 quandoque
258 1510 327 1553 etium
348 1511 465 1568 extingui,
483 1510 538 1567 quid
555 1515 607 1552 sunt
620 1508 677 1552 baec
691 1509 768 1559 aliud,
783 1522 852 1566 quum
859 1507 967 1566 flagella

38 1589 164 1652 peccati?“
195 1590 253 1634 XIII.
273 1591 310 1633 56.

143 1723 148 1728 .
477 1671 496 1730 r·
513 1673 534 1715 5-

102 1756 128 1798 Β.
159 1754 193 1812 Ad
210 1753 277 1803 bona,
298 1766 354 1808 quae
373 1753 438 1808 primi
456 1755 549 1797 hominis
563 1751 695 1795 intellectum
711 1760 821 1809 spectant,
844 1752 965 1810 Gregorius

41 1834 152 1880 referebat
168 1847 245 1890 puram
261 1833 304 1876 Dei
319 1839 341 1875 et
357 1832 485 1875 conditionis
502 1846 554 1875 suae
571 1833 720 1888 cognitionem.

104 1918 129 1961 ld
150 1922 240 1973 apparet
256 1920 284 1958 ex'
300 1913 445 1970 descriptione
463 1914 558 1969 caliginis
577 1915 644 1957 menti
662 1915 770 1958 humanae
785 1921 834 1972 post
852 1915 966 1972 praevari—

41 2000 148 2044 cationem
164 1997 242 2041 adami
258 1995 371 2048 obductae,
390 2009 433 2052 qua
452 1996 583 2052 impeditur,
611 2009 654 2052 quo
669 1998 740 2040 minus
753 1997 838 2051 Deum,
858 1997 914 2038 sicut
928 2002 968 2045 est,

41 2086 161 2135 cognoscat.

102 2160 169 2214 „Post
184 2171 276 2213 poenam
292 2158 387 2200 damnati
403 2165 528 2215 peccatores
543 2159 652 2200 nascimur
667 2175 706 2214 -3
723 2167 746 2202 et
761 2173 827 2215 quum
844 2158 872 2200 ad
886 2154 964 2212 superss

42 2256 82 2287 nae
96 2242 151 2285 lucis
165 2240 250 2281 radium
267 2238 336 2279 aciem
349 2238 427 2280 mentis
443 2238 555 2293 erigimus,
574 2239 620 2295 ipsa
637 2238 766 2282 infirmitatis
782 2245 868 2281 nostrae
884 2236 965 2279 obscu-

19 2310 21 2314 Α
42 2328 104 2370 ritate
119 2322 258 2377 caligemus.“
289 2319 346 2363 Mor.
364 2313 400 2363 IV.
416 2319 453 2362 45.
476 2320 534 2372 „Ad
548 2322 742 2379 contemplandum
757 2326 885 2364 creatorem
898 2319 964 2362 bomo

42 2407 145 2452 conditus
160 2404 256 2460 fuerat,
270 2408 295 2444 ut
311 2397 363 2455 ejris
378 2416 468 2458 semper
485 2403 581 2459 speciem
596 2391 726 2461 quaereret,
744 2411 807 2459 atque
821 2404 843 2444 in
858 2401 966 2443 solemni·-

42 2497 86 2534 tate
103 2488 161 2539 illius
181 2484 260 2525 amoris
277 2482 392 2524 habitaret.
429 2483 473 2524 Sed
496 2491 557 2527 extra
578 2500 601 2527 se
628 2500 667 2542 per
688 2483 854 2526 inobedientiam
880 2483 966 2536 missus,

42 2555 123 2613 mentis
140 2581 197 2611 saue
212 2566 284 2607 locum
299 2564 404 2620 perdidit3
420 2563 470 2619 quia
487 2565 606 2609 tenebrosis
624 2566 734 2610 itineribus
749 2578 842 2620 sparsus,
857 2564 885 2613 ab
900 2564 966 2607 inha-

42 2651 146 2693 bitatione
165 2648 210 2694 veri
226 2646 311 2688 luminis
326 2644 437 2699 elongavit.
456 2667 486 2675 -
508 2646 581 2688 Locus
595 2649 674 2704 quippe
690 2646 793 2699 hominis,
812 2647 852 2689 sed
870 2660 914 2690 non
932 2647 966 2689 lo-

42 2731 99 2785 culis,
115 2732 162 2786 ipse
179 2730 261 2771 seilicet
277 2727 375 2771 conditor
390 2727 467 2780 extitit,
485 2727 522 2783 qui
538 2726 607 2781 hune,
623 2728 683 2771 utin
700 2728 817 2786 semetipso
832 2730 963 2776 consisteret,
