1999 2998
473 42 600 105 *ss-

77 161 188 207 militones
208 160 232 204 in
253 159 319 203 literis
338 154 459 200 excolendis
480 161 502 198 et
520 156 563 212 piis
583 155 691 204 exercitiis
709 144 852 213 praestandis
861 157 982 214 'adjunxero

79 245 307 290 emmeramensis,
324 249 384 278 more
398 234 524 291 Augustini,
546 236 650 291 degebat,
673 237 787 281 absentum
806 232 879 281 autem
892 241 962 296 vuitam
978 243 985 282 i
999 268 1000 273 =

81 327 179 370 corruictu
193 322 239 365 rodi
252 330 300 371 cnm
314 316 392 360 eodem
408 314 528 373 Augustino
546 316 638 361 vetabat.
669 317 770 361 Lile.
785 319 846 376 epist.
864 320 900 363 52.
931 311 987 363 Pare

80 408 151 461 grinos
168 407 191 441 et
206 411 313 454 pauperes
332 399 427 442 maxima
447 399 576 442 liberalitate
592 398 720 456 excipiebat.
753 399 939 444 Praedioandiet
958 402 986 443 do

79 481 141 524 cendi
154 478 233 532 officio,
248 480 306 535 quod
320 480 378 523 inter
391 482 512 539 praecipua⁸
521 481 616 537 episcopi
633 479 705 522 officia
719 481 803 544 merito
817 480 925 534 censebat,
942 497 987 524 nnn

78 576 143 620 quam
158 562 241 614 deerat,
257 561 280 603 id
297 562 357 618 quod
370 563 524 614 homiliarum,
547 575 603 617 quae
623 560 694 603 adhuc
714 567 810 615 exstant,
831 574 904 624 coram
920 561 997 619 popul

77 640 208 696 habitarum,
223 656 303 699 magua
318 644 381 700 copia
397 643 481 700 probat.
508 641 677 686 Praedicationis
693 648 766 683 autem
781 641 897 685 efficaciam
914 658 926 685 a
942 649 987 685 cert

78 723 167 766 oratoris
180 725 321 780 persuasione
336 739 419 778 eorum,
437 738 493 781 quae
509 724 622 781 proponit,
642 724 748 780 pendere,
770 722 838 780 probs
854 731 994 783 perspexerat

76 805 154 847 Pectus
174 805 233 846 enim
254 805 359 848 disertum
378 804 436 848 facit.
469 805 547 859 „Meus
567 804 745 862 concupiscentiis
769 804 912 847 exterioribus
933 819 986 847 occu

76 891 133 942 pata,
151 885 237 940 inquit,
249 885 294 941 igni
311 886 378 930 divini
393 887 472 929 amoris
488 900 532 929 non
546 886 612 929 calet:
642 886 760 928 etidcirco
777 887 810 927 ud
822 899 945 942 supernum
961 886 990 929 de

77 967 188 1010 siderium
206 965 354 1023 inflammare
371 968 491 1011 aztdttores
511 981 565 1010 suas
586 971 698 1024 ueqraeunt
715 964 798 1020 verda,
830 979 889 1021 quac
905 966 997 1023 frigia.

79 1048 150 1090 corde
161 1047 322 1104 proferuntur.
353 1046 435 1105 Neque
443 1048 507 1091 ‘enirn
524 1061 585 1099 aes,-
600 1029 658 1104 prone
679 1048 701 1088 in
722 1060 747 1089 se
768 1046 820 1103 ipsa
841 1060 885 1089 aron
906 1049 992 1089 arserit

80 1129 147 1172 atiud
160 1129 269 1172 accendit.
302 1128 367 1171 Uude
385 1127 410 1171 fit
423 1128 562 1184 plerumque,
581 1135 605 1170 ut
619 1127 780 1182 hypocritarum
796 1127 853 1170 dieta
870 1134 892 1171 et
908 1128 986 1170 audien

79 1217 113 1252 tes
126 1223 171 1252 non
189 1209 300 1261 erudiant,
316 1216 337 1252 et
353 1209 441 1252 eosdem
456 1210 514 1266 ipsos
530 1208 604 1265 quise
621 1205 747 1264 proferunt,
765 1208 832 1251 elatos
846 1207 945 1251 laudibus
958 1209 986 1251 de

78 1291 171 1333 teriores
187 1290 301 1332 redonata
331 1290 386 1332 Mor.
402 1290 457 1334 Vlll.
472 1302 512 1345 pat
536 1289 651 1340 „Lucerna
668 1303 723 1345 quae
738 1291 760 1332 in
775 1273 888 1345 semetipsa
904 1304 986 1333 nonar

79 1358 193 1422 det,“alio
207 1370 349 1424 locoinquit,
374 1383 439 1422 „eam
461 1383 508 1410 rem
526 1370 561 1410 cui
580 1371 722 1424 supponitur,
747 1385 790 1424 non
807 1371 910 1414 accendit.
933 1371 1000 1414 .Hin

80 1452 137 1500 enim
154 1429 181 1492 de
199 1451 281 1492 loanne
298 1450 398 1493 Veritas“
416 1449 471 1503 (ie.
487 1447 594 1505 Christus)
611 1449 687 1501 „dicitz
704 1446 788 1507 (loann.
802 1454 824 1504 5,
841 1451 880 1509 55)
899 1452 937 1495 Ille
954 1467 1000 1494 era·

80 1530 168 1572 lucerna
184 1532 261 1573 ardens
275 1537 297 1572 et
313 1529 395 1571 lucens.
426 1528 509 1571 Ardens
526 1529 625 1571 videlieet
642 1525 682 1584 p'er
695 1532 788 1575 caeleste
802 1533 945 1593 desiderium,
964 1534 986 1576 lu

80 1623 132 1654 cens
143 1625 184 1669 per
200 1610 313 1656 verbum.“
342 1610 367 1653 ln
383 1593 674 1654 Ezech.ub.·1.t10in.xt.
693 1608 711 1668 p.
728 1626 749 1667 7.

515 1753 534 1812 t·
549 1760 571 1801 ⁷-

138 1854 164 1896 In
180 1854 305 1898 dissidentes
316 1854 412 1897 animum
426 1867 520 1910 aequum
530 1855 552 1896 in
562 1855 686 1900 universum
699 1855 811 1912 probabat,
824 1867 865 1896 nec
878 1855 902 1897 vi
911 1854 1000 1898 direct

79 1947 210 1991 quemquam
226 1936 254 1977 ad
273 1934 409 1976 christianam
425 1932 490 1976 fidem
510 1935 675 1991 amplexandam
691 1936 843 1977 adducendum
864 1949 910 1978 esse
928 1936 1000 1978 multi

77 2014 130 2057 loeis
149 2015 243 2057 inculcat
260 2014 385 2070 Gregorius.
421 2014 480 2067 „Eas
498 2015 536 2071 qui
559 2030 572 2058 a
596 2016 700 2072 religione
722 2015 837 2058 christiana
856 2017 1000 2070 discordant,‘

75 2096 161 2152 scripsit
175 2096 240 2138 Petro
262 2094 412 2138 Terracinensi
428 2095 535 2151 episcopo,
549 2096 585 2153 qui
599 2097 621 2138 in
638 2097 731 2139 ludaeos
746 2097 844 2138 acerbius
860 2110 882 2138 se
898 2104 994 2152 gesserat

76 2178 263 2232 „mansuetudine
281 2175 419 2231 benignitate,
436 2177 580 2230 admonendo,
596 2177 714 2232 suadendo,
731 2178 758 2220 ad
772 2177 877 2220 unitatem
893 2176 943 2219 fidei
959 2191 986 2219 ne

77 2273 134 2301 cesse
152 2265 185 2300 est
205 2270 348 2312 congregare:
364 2271 393 2298 ne
410 2271 464 2312 quos
480 2257 573 2300 dulcedo
588 2259 757 2312 praedicationis
776 2263 799 2298 et
815 2264 945 2314 praeventus
961 2257 986 2300 fu

78 2339 118 2380 turi
135 2338 216 2381 ludicis
230 2345 302 2380 terror
322 2337 350 2377 ad
369 2336 502 2378 credendum
519 2336 611 2380 invitare
634 2343 729 2392 poterat,
752 2337 815 2379 minis
837 2345 859 2381 et
882 2338 1000 2381 terroribu

78 2418 229 2473 repellantur.“
263 2416 313 2459 Lib.
322 2416 338 2459 1.
353 2417 414 2473 epist.
428 2418 464 2458 55.
493 2415 599 2470 „Plurimi
615 2416 713 2474 Judai'cae
727 2418 836 2475 religionis
851 2421 874 2462 in
888 2419 929 2461 hac
943 2420 986 2461 Pro

80 2495 147 2538 vincia
164 2499 347 2552 comnianentes,“
365 2498 450 2555 scripsit
463 2497 553 2555 Virgilio
571 2498 703 2552 Arelatensi,
725 2507 747 2543 et
763 2501 882 2554 Theodoro
899 2500 999 2557 episeopo

80 2573 184 2619 Massiliae
199 2582 331 2634 Galliarum,
351 2593 392 2633 „ae
408 2578 499 2621 subinde
515 2582 538 2622 in
554 2580 662 2624 Massiliae
677 2586 750 2636 partes
767 2595 806 2636 pro
823 2580 912 2633 dirersis
924 2595 999 2639 ‘nego-

80 2656 115 2699 tiis
132 2655 272 2712 ambulantcs,
289 2662 315 2704 ad
328 2667 424 2706 nostram
439 2662 562 2720 perduxere
579 2662 688 2715 notitiam,
703 2659 783 2705 multos
799 2660 959 2708 consistentium
974 2664 998 2713 in
