1999 2998
442 42 569 105 Q

43 161 131 219 aliquod
163 157 305 211 adscribitur,
338 163 403 214 otque
434 158 615 203 adeundarum
647 158 761 206 arbitrium
791 169 817 206 ut
845 176 969 209 concessum

44 245 143 289 sumitur·
511 268 512 273 =

471 317 489 379 ᾗ.
509 331 544 374 19,

106 403 210 461 Magnum
225 398 320 458 denique
330 400 441 459 pretium,
462 403 521 459 quod
540 400 659 457 Gregorius
678 399 740 444 bonis
754 401 850 444 moribus
868 409 890 446 ct
904 415 970 446 excr-

44 490 99 534 citiis
115 483 238 531 monasticis
254 472 378 534 tribuebat,
394 496 443 524 cnm
461 481 616 538 Augustiniana
633 483 731 527 doctrina
750 484 777 526 de
797 485 970 541 peccatoa'origi-

44 560 152 627 naii,'qua
172 564 266 609 hominis
283 566 384 607 meritum
399 564 486 606 omnino
502 563 595 616 tollitur,
616 563 756 606 nullomodo
773 564 873 620 conjungi
893 574 970 622 potest.

105 647 219 694 Perfectio
231 647 254 688 in
269 646 350 702 requie,
367 644 381 686 i.
397 658 416 686 e.
431 642 537 701 perfectio
551 652 599 701 post
615 645 671 686 hanc
689 646 754 689 vitatu
772 648 890 689 secundnm
910 647 970 688 Gr'c-

43 736 127 792 gorium
144 727 281 789 perfectione
299 728 321 768 in
342 725 466 781 operatione
485 727 500 767 i,
521 741 540 769 e.
562 741 653 783 operum
670 724 803 783 perfectione
822 727 844 769 in
865 727 906 770 hac
927 730 970 770 vita

42 818 126 862 nititur,
156 812 213 855 Mor.
231 809 291 852 XIX,
311 822 345 862 ¹7¹
375 809 437 864 Opus
460 816 534 852 autern
550 823 602 852 vere
622 807 704 851 bonum
723 808 788 849 modo
803 809 830 851 ab
850 824 875 851 eo
896 810 970 866 perfici

43 903 123 957 potest,
136 895 174 951 qui
188 892 292 934 ecclesiae
308 888 427 933 catholicae
447 890 526 932 sodalis
544 897 581 932 est.
612 891 677 943 „Una
694 889 798 931 catholica
818 890 907 931 ccclesia
925 891 970 933 scia

44 986 86 1032 est,
107 977 128 1018 in
149 987 191 1029 qna
211 986 265 1029 opus
283 972 364 1013 bonum
376 971 502 1026 fi‘ncttcoee
517 972 650 1026 peragitrrr.“
679 968 771 1012 XXXV.
793 970 827 1010 15.
846 991 876 1001 —-
906 971 970 1022 „Hoc

44 1057 163 1104 secundum
180 1060 219 1106 est,
234 1053 292 1109 qnod
307 1051 351 1093 iiiic
368 1050 486 1092 saltem'de
500 1050 594 1093 minimis
608 1049 660 1092 nihil
675 1050 765 1104 quisque
781 1049 913 1105 purgationis
928 1050 970 1091 ob-

44 1136 130 1191 tinebit,
145 1135 189 1179 nisr'
204 1133 267 1176 bonis
280 1131 323 1172 froc
339 1130 427 1173 actibus
442 1132 465 1173 in
480 1131 526 1174 troo
542 1131 618 1174 adiuro
634 1132 682 1172 cita
695 1132 793 1187 positus,
812 1139 836 1174 ct
851 1133 899 1174 iilic
914 1132 970 1174 obli«

45 1227 109 1274 neat,
124 1214 310 1275 pronroventrn·.“
345 1212 500 1269 Dialogg.tib.
512 1212 549 1254 IV.
565 1227 611 1268 cap.
626 1214 663 1266 59.
695 1212 788 1254 Leviora
807 1213 863 1253 cuim
882 1219 970 1269 peccata

44 1303 67 1344 in
84 1302 124 1341 hac
137 1298 185 1358 pita
200 1294 297 1335 nondum
316 1293 404 1333 remissa
423 1293 541 1334 secundnm
561 1293 691 1347 Gregoriurn
710 1295 834 1349 purgatorio
851 1294 969 1336 diluuntur.

43 1378 149 1437 „Duobus
166 1373 236 1416 modis
250 1373 319 1414 sancti
334 1371 373 1414 viri
391 1372 455 1413 etiarn
473 1387 484 1413 a
502 1373 564 1413 licitis
579 1372 687 1414 abstinere
701 1373 776 1416 soient.
808 1373 930 1431 Aliquando
947 1383 970 1418 ut

43 1461 128 1504 merita
142 1455 186 1499 sibi
200 1454 265 1511 apud
279 1454 451 1508 omnipotentem
469 1452 543 1494 Deum
563 1460 675 1511 augeant,
689 1454 804 1511 aliquando
821 1469 873 1498 vero
891 1463 914 1498 ut
929 1468 969 1496 an-

45 1547 129 1586 teactae
144 1537 202 1579 vitae
218 1535 291 1590 cuipas
306 1534 420 1587 detergant
434 1536 489 1575 cet.“
514 1533 614 1576 Liin.
638 1536 698 1590 epist.
714 1538 750 1579 45.
786 1513 788 1517 r

105 1618 168 1660 Haec
185 1615 257 1671 opinio
271 1614 299 1656 de
314 1612 376 1654 bonis
389 1614 497 1669 operibns,
513 1628 531 1655 e.
548 1628 567 1668 g.
584 1615 733 1671 eleemosyna,
757 1617 822 1660 etde
839 1607 970 1671 poenitentia

43 1700 151 1746 mercede
168 1696 248 1752 dignis
263 1695 286 1735 in
304 1693 405 1735 omnibus
423 1694 525 1749 Gregorii
545 1696 630 1749 scriptis
647 1696 831 1751 deprehenditur.⁴
855 1696 971 1750 Quamob-

43 1797 90 1827 rem
104 1777 184 1822 offendi
198 1789 242 1817 non
257 1776 314 1827 iicet,
331 1776 348 1817 si
366 1774 480 1831 praecipit:
494 1796 495 1799 ¹
510 1774 641 1831 „Dumpcr
659 1777 735 1819 induiti
755 1777 857 1834 temporis
877 1777 970 1832 spatium

43 1865 102 1914 licet,
120 1861 173 1902 dum
187 1858 255 1911 judex
268 1857 368 1908 sustinet,
382 1857 439 1905 ,nuni
459 1858 620 1899 conversionem
639 1863 732 1899 nostram
751 1859 768 1900 is
785 1859 821 1913 qui
839 1857 912 1913 culpas
930 1870 971 1898 cx-

45 1944 133 1993 amiuat,
148 1944 257 1994 exspectat
264 1951 272 1991 ς
288 1936 420 1978 conflcamus
435 1937 458 1977 in
473 1937 574 1993 iacrymis
589 1939 689 1980 duritiam
707 1939 796 1988 mentis,
817 1935 935 1979 formemus
949 1938 970 1979 iu

44 2022 151 2083 proximis
168 2018 259 2076 gratiam
277 2016 420 2071 benignitatis.
458 2016 486 2058 Et
508 2016 601 2060 fidenter
617 2019 675 2059 dico:
709 2018 762 2073 prtia
782 2018 882 2060 solatori
897 2017 970 2060 facetia

43 2111 95 2165 post
111 2107 206 2146 mortem
223 2112 267 2141 rron
286 2098 428 2154 indigemus,
454 2098 475 2140 sc'
494 2103 547 2140 ante
565 2103 659 2140 rnortem
676 2098 724 2140 Deo
744 2099 789 2155 ipsi
805 2098 878 2141 hostia
890 2100 970 2154 sucri-

44 2187 115 2229 mns.“
147 2181 246 2237 Dialogg.
259 2177 297 2220 lib.
309 2176 348 2221 Ν.
365 2193 410 2235 cap.
429 2179 465 2221 tio.
497 2177 579 2220 Eadem
596 2178 680 2221 ratione
696 2193 732 2221 cos
750 2181 830 2235 carpit,
853 2180 888 2235 qui
905 2178 970 2234 ,fide

44 2269 94 2311 scta
109 2265 186 2309 saivari
203 2262 327 2313 aestiment,
343 2269 390 2317 per
403 2261 566 2318 poeaitentiam
585 2267 696 2304 revertere
711 2259 789 2315 abjecti
809 2274 852 2302 non
872 2263 969 2305 curent.“

43 2350 94 2391 Lib.
108 2346 147 2389 Vt,
161 2346 184 2385 in
203 2342 297 2397 primurn
311 2341 396 2395 Regem
414 2356 461 2396 cap.
476 2354 497 2383 2.
513 2339 532 2395 ᾗ.
547 2351 583 2392 27.
615 2339 695 2382 Fidem
712 2353 775 2382 sensu
793 2340 894 2384 historico
909 2342 969 2383 Gre-

43 2429 116 2485 gorius
131 2423 244 2474 sumebat,
264 2422 294 2464 ita
310 2427 335 2464 ut
350 2419 404 2464 fides
425 2422 444 2464 ei
464 2425 519 2463 esset
538 2432 598 2461 mera
618 2420 733 2473 convictio,
755 2421 872 2464 doctrinam
890 2421 968 2463 Christi

47 2522 90 2550 esse
112 2521 193 2551 veram.
230 2502 309 2546 Gravis
333 2503 390 2545 enirn
415 2510 436 2546 et
460 2500 568 2560 profunda
587 2501 648 2543 Pauli
674 2503 780 2544 sententia
802 2503 829 2543 dc
850 2500 892 2541 fide
911 2514 967 2552 enm,

47 2586 101 2628 sicut
117 2586 266 2641 Augustinunr,
282 2583 369 2628 latebat.
400 2581 557 2626 Pocnitentiarn
576 2588 648 2623 antem
666 2594 715 2621 cnm
733 2580 871 2623 conversione
891 2583 967 2624 mentis

46 2665 195 2721 conjungebat,
213 2667 246 2711 vel
261 2667 332 2722 potius
347 2666 424 2709 mentis
441 2664 602 2709 conversionem
622 2675 669 2703 reru
685 2658 837 2713 constituebat,
855 2676 896 2719 qua
912 2677 967 2720 poe*
