1999 2998
434 116 561 182 *ἓν*

31 235 76 278 riae
96 235 164 281 versio
179 235 264 280 Graeca
281 236 303 280 in
319 235 476 279 recentioribus
496 242 587 293 operum
606 210 709 290 Gregorii
730 227 863 274 editionibus
884 235 960 274 exstat.

32 311 149 363 Adtento
168 319 301 375 dialogorum
318 334 330 362 u
348 318 455 361 nonnullis
471 319 494 361 in
511 317 601 359 dubium
622 322 696 360 vocata
720 320 783 357 extra
802 312 872 354 omnis
894 311 961 354 dubi-

30 400 117 443 tationis
134 400 203 443 aleam
220 402 290 458 posita
313 408 346 443 cst
366 415 379 441 a
400 400 579 441 Gussonviltoeo
603 398 626 439 in
647 396 751 440 Vindiciis
779 394 916 451 dialogorum
937 394 959 452 S,

31 480 144 536 Gregorii,
162 478 193 539 (iu
214 483 279 537 ipsius
300 481 351 523 edit.
371 472 514 535 OppsGreg.
536 478 574 521 fol.
590 492 625 521 11.
645 492 666 534 p.
682 479 725 533 527
740 492 799 535 seqq.
818 484 841 520 et
858 480 881 520 in
905 476 957 520 edit.

11 596 13 602 Α
30 562 221 605 Benedictinorum
237 562 265 603 T.
275 561 300 603 ll.
317 575 338 617 p.
355 562 397 603 105
408 556 485 620 sequ),
503 574 515 602 a
531 559 665 602 Mudillanio
680 556 712 611 (in
729 556 797 616 praef.
815 560 844 602 ad
859 561 957 604 Tornunt

30 643 164 689 istotorum
181 640 198 700 l.
209 643 239 698 20)
258 647 280 686 et
300 657 312 685 a
328 642 483 685 Benedictinis
500 642 533 696 (in
547 638 617 699 praei.
632 639 694 682 Tali.
709 654 730 696 p.
744 641 787 684 115
801 638 879 701 sequ).

466 760 484 818 t.
500 766 522 808 a.

97 844 201 896 Omnium
217 840 423 898 praestantissimum
441 846 463 883 et
481 843 509 885 ad
528 840 662 898 reipublicae
681 849 725 886 tam
744 844 810 889 civilis
827 860 892 902 quam
915 860 955 895 ec—

32 925 162 968 clesiasticae
182 929 260 967 statum
279 922 451 979 cognoscendum
467 924 711 967 accommodatissimum
731 939 784 982 opus
804 933 835 970 est
853 929 954 972 collectio

32 1008 179 1065 epistolarum
198 1005 309 1062 Gregorii
326 1016 366 1060 per
381 1011 451 1047 totum
467 1005 604 1062 pontificatus
619 1006 652 1048 sui
666 1007 758 1064 spatium
774 1007 801 1052 ab
818 1022 844 1050 eo
860 1010 955 1066 scripta-
978 1045 979 1048 ,

17 1086 86 1131 'rum
112 1087 173 1129 Haec
189 1085 287 1128 collectio
303 1088 406 1144 regestri
419 1088 463 1131 sive
475 1087 560 1143 registri
577 1088 664 1130 nomine
680 1088 804 1144 insignitum
822 1095 956 1146 segestrum

31 1170 88 1212 enim
108 1175 139 1211 est
155 1180 229 1225 penus,
242 1166 346 1209 collectio.
379 1168 491 1211 Editiones
506 1169 637 1225 antiquiores
649 1169 671 1210 in
683 1168 750 1211 libros
765 1168 813 1211 Xll.
825 1168 956 1212 distribuunt

31 1250 130 1307 epistolas
148 1248 260 1311 Gregorii,
292 1248 428 1291 Benedictini
447 1257 519 1292 autem
535 1264 571 1291 cus
587 1250 707 1292 secundum
728 1251 831 1306 temporis
850 1251 955 1309 rationem

30 1332 172 1397 digesserunt,
197 1337 220 1374 et
235 1329 295 1373 libris
307 1329 367 1385 XlV·
384 1311 608 1387 comprehenderunt,
639 1329 717 1386 quibus
736 1328 858 1387 fragmenta
874 1332 956 1390 aliquot

30 1415 180 1472 adjunxerunt.

95 1495 180 1537 Harum
199 1493 337 1552 epistolarum
357 1488 474 1536 conserta
488 1491 510 1534 in
533 1490 689 1537 dubitationem
712 1494 772 1537 nullo
796 1494 861 1550 modo
880 1492 953 1537 vocari

29 1584 107 1634 potest,
124 1583 214 1632 excepta
230 1574 319 1632 epistola
329 1576 364 1617 52.
379 1573 416 1615 lib.
424 1573 462 1615 IX.
480 1574 507 1616 ad
524 1574 671 1616 Secundinum
688 1576 831 1628 monachum,
852 1582 955 1632 quaeest

30 1659 109 1701 dubiae
125 1657 188 1711 fidei,
205 1663 242 1700 aut
257 1655 333 1698 saltem
348 1654 410 1698 valde
426 1641 562 1711 interpolata.
595 1655 700 1709 Facilius,
717 1658 836 1700 secundum
856 1657 955 1700 Gnssan-

29 1739 201 1792 villaei,l1arum
218 1751 290 1788 rerum
308 1736 438 1792 peritissimi,
455 1738 582 1779 sententiam
598 1737 692 1792 expungi
708 1751 772 1792 quam
789 1739 859 1779 sanari
875 1745 953 1794 potest.

28 1820 167 1875 Interpolatio
181 1824 253 1860 autem
271 1816 404 1872 potissimum
420 1816 447 1857 ad
462 1829 488 1856 eo
506 1814 584 1857 referri
598 1815 672 1870 debet,
694 1831 748 1873 quae
763 1818 868 1874 delapsis
884 1832 952 1873 prae-

29 1903 145 1958 cipiuntur.
181 1899 227 1941 Nec
249 1911 336 1940 omnem
354 1896 524 1952 interpolationis
545 1896 688 1953 suspicionem
711 1897 786 1953 effugit
807 1898 898 1955 epistola
915 1899 951 1940 64.

28 1984 65 2026 lib.
79 1983 129 2036 XL,
149 1983 171 2023 iu
189 1995 231 2038 qua
246 1980 274 2023 ad
289 1979 348 2024 varia
365 1978 443 2031 dubia,
470 1979 498 2020 ad
516 1978 650 2034 disciplinam
668 1979 803 2037 potissimum
822 1979 953 2022 ecclesiasti-

29 2079 76 2107 cam
91 2062 216 2119 spectantia,
231 2062 258 2104 ab
273 2059 399 2117 Augustino,
419 2060 538 2115 Anglorum
554 2061 662 2118 episeopo,
680 2063 788 2120 proposita
803 2062 950 2118 respondetur.

28 2145 128 2200 Denique
143 2144 280 2203 epistolarum
297 2145 317 2185 8.
334 2156 354 2197 9.
367 2148 389 2185 et
404 2141 554 2185 1o.lib.X111.
572 2137 702 2187 adnectier
716 2150 755 2186 aut
768 2144 844 2186 saltem
860 2141 950 2196 integri-

27 2233 94 2269 tatem
110 2226 132 2267 in
149 2222 305 2267 dubitationem
322 2221 419 2263 nonnulli
436 2230 579 2275 vocaverunt,
595 2225 635 2266 sed
651 2224 697 2266 sine
713 2224 799 2266 idoneis
813 2222 948 2279 argumentis.

28 2305 174 2350 Conseruntur
188 2318 243 2363 quae
258 2302 393 2346 Benedictini
410 2302 438 2355 de
456 2303 497 2346 hac
513 2318 537 2346 ro
553 2305 674 2347 doctissime
692 2305 858 2363 disputaverunt.

458 2424 476 2482 t.
492 2431 514 2473 a.

91 2510 126 2551 En
140 2506 233 2565 epistolis
248 2505 275 2547 ud
289 2505 395 2546 sentiendi
414 2508 521 2550 rationem
539 2508 640 2566 Gregorii
657 2497 684 2550 de
699 2508 816 2551 orthodoxo
832 2504 875 2549 fide
894 2522 951 2565 per-

26 2591 156 2633 noscendam
172 2588 265 2630 maxime
281 2584 374 2628 faciunt:

93 2686 111 2714 1.
132 2671 182 2713 Lib.
197 2671 212 2713 1.
233 2668 321 2726 epistola
335 2669 371 2709 25.
402 2666 463 2709 Haec
486 2670 574 2725 epistola
595 2677 686 2725 quatuor
707 2667 851 2723 patriarchis,
871 2671 949 2714 loanni

27 2751 276 2808 Constantinopolitano,
293 2748 385 2806 Eulogio
399 2745 558 2804 Alexandrino,
576 2750 683 2807 Gregorio
696 2748 833 2796 Antiocheno
853 2759 875 2797 et
888 2750 948 2800 Ana,
