1999 2998
469 48 505 92 ¹95

30 169 82 210 dum
100 166 138 219 sit,
160 163 229 210 cauta.
241 167 421 221 consideratione,
432 169 562 218 discernast‘
597 165 690 223 Explam
710 164 798 207 Psalmi
811 178 853 206 sec.
866 167 953 221 poenit.

17 246 45 306 b
65 262 97 290 11.
131 250 357 306 „Primumsltunranis
372 252 479 293 mentibus
493 245 561 305 gratia
575 249 680 306 spiritalis*
697 245 835 301 infunditur,
857 254 954 302 postmo-

26 330 77 372 dum
89 343 145 373 ¹vero
162 331 184 371 in
200 338 273 378 mente
289 333 345 389 quid
360 334 454 389 spiritus
471 334 559 390 egerit,
587 334 609 374 ic
627 330 735 387 operibus
755 330 953 383 demonatmturf‘

20 410 43 470 5.
60 412 96 454 55.
117 411 199 467 „Quasi
215 419 272 455 terra
288 412 335 453 sine
350 426 411 469 aqua,
428 420 460 457 est
474 415 545 459 anima
562 412 608 453 sine
621 412 695 466 gratia.
727 412 789 455 Sicut
806 411 865 464 enim
883 417 950 462 terra,

17 506 81 549 quae
95 491 164 544 imbre
181 506 225 534 non
242 488 392 548 perfunditur,
411 507 454 536 non
473 494 563 538 vestitur
578 492 721 553 herbis',3non
742 499 870 543 venustatur
884 493 949 540 flori-

18 574 73 627 bus,
86 587 129 616 non
147 573 243 615 abundat
259 585 340 628 messe3
371 574 402 617 sio
419 576 490 617 anima
504 571 576 630 gratiis
589 587 664 620 carens
683 588 725 616 non
737 560 842 629 operitur
858 573 945 630 virtuti-1

18 654 72 708 bus,
88 666 131 695 non
144 653 224 708 cogitat
238 654 265 696 de
282 653 418 709 caelestibus,
438 672 480 699 non
497 655 572 698 insistit
592 653 685 696 utilibus.
716 654 797 697 Vitiata
811 668 907 711 namque
923 655 955 706 in

19 736 94 792 vprimo
107 742 196 791 parente
213 734 281 777 libero
299 734 407 788 arbitrio,⁴
427 737 469 792 jam
485 750 525 778 nec
540 735 595 779 velle
612 735 700 791 quidem
721 733 802 776 bonum
821 749 943 791 possumus,

18 815 64 857 nisi
85 814 142 855 illius
165 815 232 868 gratia
255 814 391 868 adjuvamur,
422 818 479 871 apud
505 830 568 872 quem
594 828 678 871 gressus
700 814 797 857 hominis¹
814 818 942 873 diriguntur.

23 895 133 949 Scriptum
149 894 236 949 quidem
261 901 303 937 est:
335 895 478 954 praeparatur
498 897 594 939 voluntas
615 912 627 938 a
649 896 749 938 Domino.
784 897 812 939 Et
834 899 942 941 Dominus

16 973 131 1031 ,discipulis
148 957 188 1017 ait:
216 975 265 1017 Non
286 989 322 1019 vos
340 990 374 1018 me
393 976 496 1034 elegistis,
511 978 548 1019 sed
567 991 606 1032 ego
626 976 680 1032 elegi
696 990 739 1019 vos.
770 976 798 1019 Et
816 976 940 1034 Apostolus:

22 1046 83 1100 Deus
100 1062 142 1109 est,
161 1055 241 1119 inquit,
259 1056 296 1112 qui
312 1063 414 1113 operatur
430 1059 452 1100 in
470 1057 529 1102 vobis
545 1064 567 1100 et
583 1057 637 1101 velle
656 1066 677 1100 et
694 1056 810 1115 perficere,
828 1072 869 1114 pro
884 1060 942 1101 bona

22 1138 137 1184 voluntate.
156 1137 195 1180 ·Et
211 1138 300 1179 iterum:
314 1138 391 1182 Gratia
406 1139 448 1182 Dei
461 1140 535 1182 salvati
547 1140 603 1192 estis,
614 1153 656 1195 >per
670 1139 742 1187 fidem.
772 1139 795 1180 Si
810 1137 941 1192 ergofidcm

21 1221 67 1263 sine
83 1218 151 1274 gratia
168 1217 211 1260 Dei
228 1232 291 1259 nemo
308 1218 380 1272 habet,
395 1221 444 1276 quis
461 1236 485 1263 se
496 1222 583 1276 secere
592 1222 701 1275 fructum
716 1219 821 1260 aestimet
835 1219 884 1260 sine
899 1220 941 1262 ud·

14 1300 104 1357 guterio
121 1300 182 1341 illius
197 1299 234 1355 qui
250 1299 290 1340 ait:
307 1299 371 1341 Posui
387 1279 424 1343 vos
439 1308 463 1343 ut
481 1303 540 1352 eatis,
554 1308 576 1343 et
593 1298 688 1340 fructum
704 1295 804 1350 efferatis,
820 1304 841 1339 et
856 1296 941 1350 fructus

15 1387 92 1431 ‚vester
109 1377 209 1428 maneat?
241 1380 372 1436 Quicunque
389 1382 446 1422 enim
460 1382 542 1437 plantet
559 1387 596 1423 aut
609 1380 676 1435 riget3
707 1378 813 1420 incassum
830 1391 872 1421 vox
888 1393 940 1422 cor-

17 1462 124 1518 reptionis
138 1461 232 1502 exterius
245 1463 368 1518 perstrepit,
383 1461 422 1504 nisi
439 1462 475 1504 ille
490 1461 645 1503 incrementum
660 1458 752 1512 dederit,
766 1458 812 1501 sine
827 1473 870 1516 quo
884 1460 939 1503 nihil

18 1556 133 1600 possumus
151 1539 245 1583 facerem
276 1541 367 1598 Explan.
380 1542 465 1597 septimi
480 1541 558 1584 Psalmi
572 1540 652 1596 poenit.
668 1538 685 1596 §-
703 1552 724 1593 7.

11 1656 16 1660 „
37 1650 38 1656 ,
85 1622 158 1663 Homo
182 1621 247 1676 igitur
267 1623 385 1664 secundum
401 1622 502 1679 Gregorii
522 1619 641 1661 doctrinam
660 1620 707 1662 sine
731 1619 799 1674 gratia
820 1620 862 1662 Dei
885 1620 939 1664 nihil

19 1703 82 1750 valet.
116 1681 199 1744 (imnes
217 1703 317 1755 virtutes,
342 1717 383 1744 non
401 1703 470 1745 solum
486 1707 578 1758 quatuor
591 1699 720 1750 cardinales,
741 1700 863 1754 prudentia,
880 1707 938 1743 tem-

12 1782 122 1843 perantia,
135 1779 247 1834 fortitudo,
265 1782 353 1838 justitia,
369 1783 407 1825 sed
422 1784 486 1824 etiam
500 1787 592 1832 ceterae,
609 1792 621 1820 a
637 1778 744 1835 Gregorio
753 1786 825 1823 nostro
841 1787 865 1824 ut
879 1781 937 1823 dona

15 1866 105 1924 „spiritus
120 1861 187 1905 sancti
202 1861 358 1905 describuntur.

17 1964 19 1969 ν
84 1942 185 1995 „Donum
206 1939 386 2002 spiritus‚‚quod
407 1944 428 1985 in
448 1937 543 1997 subjecta
562 1945 634 1982 mente
656 1947 706 1983 ante
725 1938 766 1981 alia
781 1940 936 1996 prudentium,

11 2024 201 2080 temperantium,
212 2025 382 2080 fortitudinem,
391 2022 505 2079 justitium
520 2019 610 2075 format3
625 2021 723 2062 eamdem
738 2029 834 2065 mentem
845 2029 869 2066 ut
883 2037 936 2064 con-

12 2112 51 2148 tra
66 2103 148 2158 singula
165 2119 264 2161 quaeque
281 2112 411 2149 tentamenta
428 2104 522 2157 erudiat,
538 2103 560 2144 in
574 2107 658 2157 septem
673 2115 724 2143 mox
740 2102 860 2146 virtutibus
878 2109 935 2145 tem*

17 2190 91 2242 perat3
106 2190 129 2226 ut
141 2175 341 2238 contrastantum,
357 2187 504 2241 sapientiam
521 2188 594 2223 contra
607 2180 770 2236 hebetudinem,
786 2183 934 2232 intellecturus

14 2272 91 2313 contra
105 2265 452 2322 praecipitationem,*consilinm
475 2268 547 2305 contra
562 2261 673 2315 timorem,
683 2263 860 2319 fortitudinem
880 2279 937 2308 cou-

13 2356 50 2392 .tra
66 2347 214 2403 ignorantiam,
232 2348 360 2395 scientiam,-
376 2350 447 2387 contra
462 2341 570 2395 duritiam,
580 2341 703 2397 pietatem
721 2350 796 2387 contra
811 2344 937 2401 superbiam

18 2430 55 2472 det
70 2430 193 2470 timorem.“
224 2428 279 2471 Mor.
296 2428 321 2469 ΙΙ.
338 2441 373 2482 77.
389 2427 446 2479 „Sed
464 2436 631 2480 nonnumquam,
652 2423 703 2465 dnm
720 2436 781 2473 mens
795 2432 867 2469 nostra
883 2428 939 2471 tanti

16 2510 112 2552 muneris
128 2508 261 2565 plenitudine
278 2514 343 2563 atque
359 2506 456 2550 ubertate
473 2503 569 2557 fulcitur,
589 2505 606 2547 si
623 2504 724 2546 continua
737 2503 759 2545 in
773 2504 807 2547 his
821 2507 940 2552 securitate

15 2589 142 2647 perir-uitur,
164 2582 176 2631 a
195 2602 237 2645 quo
251 2587 291 2631 sibi
310 2588 363 2631 haec
377 2589 430 2641 sint,
446 2585 588 2640 obliviscitum
615 2599 681 2642 seque
701 2597 752 2626 ase
770 2584 853 2629 habere
869 2596 940 2646 putat,

16 2672 75 2729 quod
93 2686 211 2729 numquam
230 2669 271 2714 sibi
287 2669 361 2713 abesse
376 2669 501 2713 considerat.
532 2667 597 2717 Unde
612 2664 647 2721 fit,
673 2673 696 2715 ut
712 2666 836 2731 aliquando
847 2682 871 2712 se
886 2670 939 2713 haec

559 2747 580 2790 Ο
595 2759 607 2789 2
