1999 2998
571 46 700 109 ...u-

168 162 200 206 ois
223 160 371 207 excutiendam
394 171 437 200 non
459 157 550 202 multum
571 156 661 201 faciunt.
707 160 732 203 ln
754 162 831 205 ceteris
853 161 959 220 Gregorio
985 176 997 203 a

170 243 231 288 libris
245 239 370 298 usurpandis
385 252 463 296 magne
480 239 551 283 cautio
571 238 693 285 adhibendo
714 249 758 296 est,
782 256 849 299 qunrn
865 244 968 304 quaedam
983 242 998 285 ii

171 337 226 382 quse
242 322 352 379 Gregorio,
366 320 433 366 tribui
450 334 493 365 nou
507 327 603 380 possunt.
655 376 658 382 Ἰ

588 463 663 524 §.re
719 533 720 536 ¹
785 436 786 439 ¹

231 565 265 608 En
282 555 386 623 Gregorii
403 581 494 625 operum
510 565 640 610 editionibus
656 573 688 610 est
706 566 887 631 praestantissima
904 568 999 612 Benedio

167 647 253 692 Parisiis
272 650 338 703 1705·
359 647 560 694 VoluminibuslV.
583 649 606 691 in
625 648 673 692 Fol.
696 649 801 705 evulgata.
829 648 945 692 Volumina
967 652 1000 693 tri

167 730 342 788 complectuntur
357 730 458 787 Gregorii
478 731 568 788 scripte3
596 730 699 775 volumen
719 738 819 789 quartum
840 736 925 787 praeter
945 731 998 774 vitas

167 815 213 872 pite
238 812 309 870 primo
325 812 388 867 hujus
406 812 529 870 scriptionis
545 814 587 870 jam
604 812 715 868 laudatas,
735 814 841 866 Paterir',
866 812 966 868 Gregorii
993 831 999 850 ·

169 894 251 938 librum
269 894 299 936 de
314 895 456 950 expositione
478 894 568 939 Veteris
584 909 613 938 uo
635 895 695 938 Novi
711 895 849 937 Testamenti
866 895 895 936 de
913 895 998 935 dinen-or

168 972 193 1017 S.
210 972 322 1032 Gregorii
337 973 424 1031 Papae
442 976 614 1028 concinnatum,
636 983 658 1019 et
673 974 780 1033 Aluipiri,
800 974 893 1031 primurn
908 972 993 1025 cleriei,

167 1054 274 1108 monaehi,
289 1054 350 1098 initio
364 1051 432 1100 seculi
447 1055 494 1098 Xll.
509 1055 613 1110 florentis,
641 1055 723 1098 librum
738 1056 767 1099 rie
782 1055 920 1112 expositione
937 1053 998 1098 Νουὶ

168 1138 250 1192 menti,
272 1136 310 1194 qui
328 1137 380 1179 ilem
398 1150 426 1180 ex
442 1136 584 1194 Gregorianis
601 1137 685 1193 seriptis
703 1136 806 1179 collectus
824 1142 863 1178 est.
904 1136 999 1179 Benedic

169 1218 237 1262 editio
253 1224 286 1260 est
301 1217 336 1261 rel
353 1217 484 1275 locupletato
505 1218 539 1262 vel
559 1218 581 1260 iu
599 1218 751 1274 compendium
776 1217 862 1260 redacta
881 1231 894 1259 a
913 1216 998 1259 Gallici

169 1299 232 1343 netiis
248 1297 306 1352 1768
323 1286 382 1355 seqq.
401 1299 424 1340 in
446 1312 474 1352 17
489 1297 545 1341 Voll.
565 1298 585 1340 4.
617 1298 681 1340 Hono
699 1299 816 1342 editionem
833 1298 900 1341 oculis
920 1304 997 1354 usurpa

168 1393 211 1423 non
227 1379 322 1435 contigit.
335 1399 365 1411 -·
391 1378 426 1421 De
441 1377 544 1434 Gregorii
559 1378 644 1435 scriptis
659 1376 786 1421 conferendi
803 1387 852 1423 sunt
868 1379 985 1436 Dupinns,

169 1460 285 1512 Ouolr'nus,
304 1457 327 1501 J.
342 1458 369 1502 A.
385 1458 520 1511 Fabricius,
534 1459 685 1502 Henmomrue
693 1490 700 1512 ,
718 1459 907 1520 Hmnlrergeroe,
925 1458 997 1503 Saniu

169 1541 277 1593 richoino,
299 1538 415 1583 Baelo-ius
429 1536 460 1600 ¹³)
475 1539 572 1584 inlibris
589 1539 710 1584 notissimis.

595 1679 614 1738 o·
634 1687 669 1730 17,

229 1781 270 1826 llis
289 1781 316 1826 de
331 1780 432 1839 Gregorii
450 1780 494 1826 rita
511 1781 638 1838 asscriptis
655 1780 767 1838 disputetis
785 1783 894 1827 transituri
911 1784 937 1827 ad
954 1783 987 1837 id,

170 1865 235 1909 cardo
258 1861 411 1920 disputationis
431 1869 518 1906 nostrae
539 1863 634 1905 maxime
658 1865 761 1917 vertitur,
793 1864 912 1907 doctrinam
936 1865 997 1920 Greg

170 1944 367 2001 anthropologioam
384 1943 504 1986 seeundum
519 1940 591 1987 fontes
607 1945 711 2001 genuinos
727 1958 740 1987 a
755 1943 817 1988 nobis
833 1943 934 2002 allegatos
954 1960 992 1988 exc

172 2046 327 2059 ’nn—.-

185 2098 218 2147 18)
236 2100 310 2137 Praeter
322 2097 397 2136 Baelrrii
410 2098 496 2137 libelluur
508 2100 544 2147 jan
557 2100 652 2138 laudatum
665 2101 786 2140 conferendus
799 2108 826 2140 est
843 2103 923 2154 ejusdem
937 2105 977 2143 viri

234 2169 292 2214 liber,
312 2170 344 2217 qni
361 2172 468 2220 nuperrimo
482 2170 552 2219 prodiit
567 2171 601 2207 snb
618 2171 682 2209 titulo:
708 2173 744 2210 Die
762 2174 968 2215 christino-romische
999 2183 1000 2186 ’

233 2240 282 2277 Eine
294 2240 489 2279 literne-historischen
502 2241 617 2280 liebersielrl.
638 2243 744 2281 Gnrlsrulre
755 2246 808 2294 1857,
834 2247 855 2284 In
869 2244 898 2296 §§
913 2258 1000 2297 199-2

233 2311 280 2360 gorii
292 2312 359 2362 scripto
371 2319 496 2352 recensentur.
