1999 2998
460 115 586 182 ji...

65 234 196 293 „Postquam
214 234 307 293 primam
324 214 412 293 'culpam
430 236 488 280 mala
507 235 644 293 suggestione
663 225 759 287 intulit,“
780 228 910 291 (Leviathan
931 232 945 273 i.
964 248 982 275 c.

64 316 173 372 diabolus,
195 319 232 374 qai
249 318 288 361 sub
310 332 401 376 persona
420 318 549 363 Leviathani
568 317 626 373 opud
645 316 722 359 Joburn
745 312 894 372 intelligimu)
914 312 984 367 „hanc

62 398 158 456 quotidie
177 413 256 457 augere
272 399 406 457 gravioribus
422 398 596 454 persuasionibus
616 412 657 440 non
677 399 764 442 destitit.
781 420 810 432 -
833 395 942 440 Homines
962 395 984 437 in

60 481 160 537 paradiso
176 482 308 525 immortales
322 479 414 537 reperit5
429 478 469 520 sed
487 479 628 521 diuinitatem
643 480 804 523 immortalibus
815 479 981 536 promittendo,

60 564 126 618 quasi
141 565 176 606 eis
197 562 285 618 aliquid
300 561 363 605 uitro
381 574 448 618 piam
464 565 539 613 erant,
558 574 583 603 se
600 560 688 603 addere
704 562 827 618 spopondit.
860 560 912 603 Sed
927 562 981 603 dnm

59 642 144 687 blande
161 629 207 686 non
223 641 302 684 habita
316 656 342 685 se
360 642 468 684 daturum
482 641 611 699 perbibuit,
642 639 717 683 caliide
735 650 756 685 ct
774 642 847 685 habita
865 639 980 703 subtraxit.

17 728 19 730 ’
58 724 121 767 Unde
139 730 163 767 et
179 724 278 767 eumdem
294 723 414 767 Leviathan
432 724 463 766 ita
478 724 582 780 propheta
602 721 704 765 describit
722 721 795 765 dicens
811 721 865 780 (Issi.
880 735 923 778 27,
941 724 980 780 1.):

57 806 127 861 Super
136 805 258 848 Leviathan
271 810 395 860 serpentem
405 809 495 856 vectem,
509 818 572 861 super
582 804 703 848 Leviathau
717 810 838 859 serpentem
848 811 979 849 tortuosum.

56 883 178 935 Leviathan
197 885 275 942 quippe
291 885 334 928 istc
354 884 376 926 in
391 897 422 937 eo,
443 884 502 941 quod
515 898 538 927 sc
552 886 633 927 addere
647 883 727 925 homini
742 886 860 940 spopondit,
875 888 978 930 tortuosis

57 964 84 1007 ad
98 978 148 1008 eum
163 965 244 1008 sinibus
259 966 357 1023 irrepsit5
378 966 427 1022 quia
448 966 501 1008 dum
521 963 574 1008 falso
592 964 729 1023 impossibilia
750 966 856 1021 promisit,
885 983 938 1011 vere
954 976 977 1012 ct

55 1045 164 1102 possibilia
184 1046 290 1091 sustulit.“
323 1047 365 1102 IV,
389 1050 422 1091 15.
454 1049 534 1102 „Tunc
558 1047 598 1090 sibi
623 1047 752 1091 contrarium
776 1048 840 1092 ,Deus
864 1050 976 1092 hominem

54 1128 135 1184 posuit,
156 1141 222 1184 quum
237 1129 302 1172 bomo
318 1129 391 1173 Deum
407 1132 517 1188 peccando
535 1129 655 1186 dereliquit.
687 1129 806 1186 Serpentis
824 1129 905 1185 quippe
921 1143 976 1185 per-

54 1207 199 1253 suasionibus
214 1216 295 1267 captus
311 1211 379 1254 hostis
393 1212 438 1268 ejus
455 1213 533 1266 extitit,
548 1213 608 1267 cujus
626 1216 741 1267 praecepta
758 1191 878 1252 contemsit.
905 1209 976 1253 iustus

54 1302 105 1332 vero
121 1289 221 1332 conditor
241 1291 300 1334 hunc
316 1291 357 1334 sibi
374 1294 506 1336 contrarium
518 1293 603 1349 posuit,
634 1290 683 1347 quia
703 1289 814 1331 inimicum
831 1303 859 1332 ex
877 1291 975 1335 elatione

38 1414 39 1417 ,
54 1370 171 1426 deputavit.
186 1393 214 1403 —
230 1370 346 1415 Salubrem
362 1371 489 1418 humilitatis
507 1388 577 1416 arcem
592 1369 676 1429 (homo)
691 1371 799 1423 deserens,
816 1371 842 1412 ad
856 1370 973 1415 infirmita-

52 1451 79 1494 tis
93 1451 167 1507 jugum
182 1452 334 1509 superbiendo
348 1454 459 1509 pervenit,
482 1460 504 1497 et
517 1454 623 1497 cervicem
638 1451 707 1492 cordis
724 1451 828 1506 erigendo
846 1454 971 1508 supposuit3

53 1530 102 1587 quia
120 1533 157 1586 qui
174 1532 260 1575 subesse
280 1533 359 1577 divinis
378 1534 506 1590 jussionibus
524 1534 606 1585 noluit,
634 1530 673 1574 sub
696 1532 739 1572 suis
763 1545 787 1572 se
809 1533 972 1576 necessitatibus

52 1612 148 1655 stravit.“
181 1613 236 1656 VIII.
251 1616 285 1656 52.
319 1610 431 1672 „(Stoiam
447 1613 597 1668 innocentiae)
615 1613 678 1654 bomo
690 1613 751 1653 tnale
768 1625 784 1653 α
797 1618 903 1669 serpente
917 1628 971 1670 per-

51 1705 133 1734 suasus
148 1695 258 1748 perdidit.
276 1693 307 1726 -'-
331 1695 438 1738 Patriam
460 1697 537 1738 volens
551 1694 680 1752 perniciter
706 1692 753 1734 XII.
770 1705 791 1746 9.
813 1693 904 1746 „Quum
920 1709 971 1737 nos-

51 1772 151 1828 metipsos
171 1773 293 1829 inspicimus
317 1775 372 1816 bene
388 1776 496 1832 conditosfl',
528 1776 566 1817 scd
587 1774 622 1816 ad
639 1773 812 1828 persuasionem
832 1772 968 1818 diabolicam

48 1850 164 1910 pestifera
180 1856 324 1898 consensione
344 1855 463 1912 deceptos,
493 1854 515 1896 in
532 1852 688 1908 nobismetipsis
703 1852 832 1894 attendimus
846 1851 906 1895 aliud
921 1869 967 1901 esse

51 1934 108 1990 quod
122 1932 221 1989 fecimus,
236 1936 292 1979 aliud
307 1915 365 1993 quod
379 1935 429 1980 facti
443 1949 527 1991 sarnus,
543 1934 666 1977 conditione
679 1946 717 1975 nos
732 1933 834 1988 integros,
848 1933 888 1975 sed
905 1935 968 1992 culpa

48 2015 156 2058 nitiarost‘
180 2015 258 2060 XXIII.
273 2019 310 2061 45.
343 2017 448 2075 „Culpam
466 2030 561 2074 serpens
577 2015 689 2058 insidians
701 2013 782 2067 intulit,
798 2020 819 2056 et
836 2014 919 2058 mulier
935 2018 967 2059 in-,

43 2093 144 2148 firmata
160 2099 286 2151 persuasit.“
319 2098 386 2142 XVII.
406 2111 441 2140 21.
473 2097 547 2154 „Ipse
568 2095 673 2139 diabolus
693 2096 715 2139 in
735 2096 778 2138 illa
801 2109 841 2138 nos
860 2099 965 2153 ponende

48 2176 116 2232 primi
129 2176 211 2218 radice
228 2179 391 2234 supplantans,
406 2177 446 2218 sub
465 2177 585 2231 captivitate
599 2191 639 2218 sua
654 2177 764 2219 hominem
781 2177 841 2232 quasi
855 2177 910 2232 juste
928 2184 963 2219 te-

48 2257 101 2310 nuit,
117 2256 155 2313 qui
171 2255 239 2301 libero
255 2257 354 2300 conditus
371 2255 459 2298 arbitrio
475 2256 498 2297 ei
510 2254 595 2310 injusta
612 2256 717 2299 siiodcnti
730 2258 847 2301 consensit.
877 2255 912 2300 Aa
929 2258 964 2301 vi-

47 2345 90 2381 tam
104 2351 199 2393 namque
215 2338 313 2382 conditus
333 2338 356 2380 in
371 2335 471 2392 libertate
485 2337 583 2393 propriae
599 2336 719 2390 voluntatis,
735 2342 814 2393 sponte
828 2351 870 2380 sua
876 2338 963 2398 factits

48 2426 81 2462 est
98 2418 187 2462 debitor
206 2420 312 2461 moi—ttsf‘
343 2418 378 2460 46.
412 2418 511 2471 „Omnes
526 2432 563 2459 nos
578 2418 670 2461 inimico
686 2419 726 2461 illa
740 2419 859 2475 persuasio
872 2419 896 2460 in
914 2421 964 2463 cui-

47 2515 88 2559 pae
105 2499 203 2555 contagio
218 2497 244 2539 ab
259 2498 306 2553 ipsa
322 2498 394 2539 radice
410 2498 532 2553 poIIucrat“
550 2507 590 2542 cet.
611 2498 689 2543 XXIV.
705 2499 724 2541 4.
762 2498 833 2552 „Quia
846 2513 894 2556 per
910 2516 965 2545 ocu-

47 2584 119 2626 lorum
135 2584 208 2625 visum
225 2593 318 2621 curnem
333 2579 403 2622 secuti
421 2592 514 2631 sumus,
539 2581 566 2622 de
583 2582 629 2636 ipsa
645 2592 721 2632 carne,
746 2592 814 2635 quam
827 2585 965 2641 praeceptis

46 2662 91 2705 Dei
101 2663 290 2720 praeposuimus,
308 2659 462 2716 ssageIlamur.“
492 2672 512 2713 7.
532 2659 651 2714 „Diabolus
669 2659 701 2702 vel
718 2659 784 2701 horno
803 2674 815 2701 a
834 2668 893 2706 statu
910 2679 963 2708 con-

46 2743 129 2788 ditIonis
149 2743 250 2800 propriae
270 2742 326 2784 elata
349 2747 570 2804 mentevcorruerunt.
597 2762 625 2773 —
655 2739 737 2783 Idcirco
761 2746 853 2800 uterque
878 2746 960 2799 cecidit,

613 2819 665 2864 Ha
