1999 2998
423 72 556 143 Q...
574 132 576 136 ,

8 214 9 218 ’
24 193 57 237 sui
72 197 200 250 praeparent
216 188 370 244 habitaculum,
388 190 439 232 dum
458 203 497 245 per
511 189 681 247 unumquodque
699 185 778 233 erroris
791 186 953 246 sut'de'ptomnt

28 288 146 318 excessum.
178 271 234 313 Hine
246 271 351 315 teremias
369 271 463 328 (Thren.
481 272 505 324 5,
523 270 570 327 48.)
584 270 623 314 oit:
653 272 775 316 Divisiones
792 286 895 328 aquarum
914 273 954 313 ‹le-

29 359 90 399 duxit
105 353 262 395 ocntusmeus.
292 352 379 396 Divisas
394 352 555 409 quippetaquas
565 367 592 395 ex
610 353 676 395 oeulis
691 353 807 405 deducere,
825 361 856 401 est
869 353 954 408 dispor-

27 439 75 481 titas
97 435 195 478 lacrimas
217 435 333 491 unicuique
355 433 444 492 peceato
467 433 591 487 tribuere,
605 442 628 477 et
649 435 770 492 iniquitatis
788 434 864 490 gaudia
886 433 955 476 sutis-

21 519 136 575 factionis
150 515 258 557 doloribus
275 529 426 573 compensare5
456 523 562 571 quatenus
580 516 630 557 dum
648 531 706 558 nunc
726 517 801 572 liujus,
821 528 879 556 nune
898 514 954 555 illius

28 594 101 643 delicti
120 598 222 641 memorio
241 612 301 640 mens
319 598 388 640 acrius
404 596 513 651 tangitur,
541 595 605 638 simul
625 597 652 638 de
672 597 772 638 omnibus
788 596 876 652 singulis
893 609 955 637 com-

28 691 86 724 mota
107 680 233 736 purgetur.“
265 679 344 735 Expes.
365 679 387 718 in
412 685 511 733 quintum
534 677 613 719 Psalm.
633 678 714 733 poenit.
736 675 754 735 ᾗ.
773 679 794 719 5.
831 677 954 730 „Permittit

28 763 116 821 quidem
134 762 195 803 Deus
211 760 290 801 electos
308 773 356 800 suos
374 759 458 813 magnis
473 759 628 802 tentationibus
643 760 730 821 impeti,
747 765 771 801 ut
786 757 954 816 magnificentis-

28 845 83 887 sime
103 844 125 884 in
146 842 231 884 caelesti
251 855 318 896 regno
341 839 437 883 debeant
457 840 565 883 coronari:
594 840 633 883 sed
648 855 726 897 magne
744 840 955 897 proelia'permittit,

28 938 85 980 quoe
101 924 197 974 vineant3
214 921 268 964 leuia
283 922 369 974 excitat,
386 923 408 964 in
426 922 503 977 quibus
520 922 607 963 cadant:
629 928 653 963 ur
668 922 755 964 victoria
774 919 863 962 fortium
878 936 954 976 inagna

30 1007 64 1057 sit,
81 1017 141 1045 casus
158 1003 267 1045 innoxius:
295 1010 318 1043 ut
334 1004 436 1045 cadentes
453 1018 475 1044 se
491 1001 555 1044 facile
573 1002 663 1057 erigant,
682 1008 705 1043 ut
721 1015 757 1043 eos
773 999 851 1052 fortia,
868 1002 888 1041 in
904 1003 954 1057 qui·-

29 1087 70 1128 bus
86 1086 177 1129 uictores
192 1089 302 1135 steterant,
320 1098 363 1124 non
377 1083 489 1125 extollant.
506 1106 537 1117 -
565 1082 749 1126 Innumerabilia
765 1088 825 1134 stitit,
843 1097 901 1139 quine
918 1096 953 1124 θοι

29 1150 136 1225 gillonem,
151 1165 267 1221 loquendo,
282 1164 388 1217 videndo,
406 1165 533 1222 gustando,
549 1171 571 1206 et
586 1165 709 1216 attollendo,
724 1170 746 1206 et
763 1165 879 1221 operando
896 1177 954 1206 eorn-

30 1250 144 1291 mtttimue.
176 1245 246 1299 Hujus
262 1257 354 1299 namque
372 1246 430 1300 vulgi
445 1245 608 1287 innumerabilis
628 1246 672 1287 tela
691 1246 755 1288 etium
772 1244 808 1286 ille
827 1246 893 1288 ritmo
911 1243 955 1287 nou

28 1334 122 1386 poterat,
136 1325 173 1381 qui
187 1324 273 1366 dicebat
289 1325 341 1377 (Joe.
354 1329 375 1378 5,
393 1324 433 1387 e.):
450 1327 474 1368 In
492 1327 565 1368 multis
580 1326 708 1368 offendimus
725 1340 803 1368 omues.
836 1326 893 1368 llius
903 1327 955 1368 item

31 1409 123 1451 dilectus
138 1407 187 1447 Jesu
205 1404 306 1460 loquitur,
321 1405 396 1448 dicens
409 1404 431 1463 (1
451 1406 511 1448 Joen.
530 1421 549 1458 1,
566 1407 607 1464 8‚):
629 1407 651 1448 Si
670 1400 794 1460 dixerimus,
812 1408 861 1462 quia
876 1420 955 1462 pecca*

29 1498 76 1533 tum
94 1502 136 1529 nou
154 1486 266 1539 habemus,
283 1486 323 1542 ipsi
340 1501 379 1527 nos
394 1486 525 1539 seducimus,
543 1495 564 1530 et
581 1489 659 1530 veritos
674 1488 769 1529 innubis
782 1502 825 1529 non
840 1494 878 1528 est.
900 1488 956 1541 Quis

31 1584 84 1625 ergo
102 1568 146 1623 jam
164 1568 225 1622 quasi
243 1567 312 1609 vietor
332 1566 516 1620 extolli'audeut,
546 1570 564 1609 si
584 1570 637 1611 tanti
657 1569 696 1611 viri
716 1575 852 1623 peccatorum
871 1568 913 1609 tela
932 1582 956 1609 se

31 1651 120 1693 ommno
135 1649 226 1691 euadere
241 1660 284 1687 non
301 1661 363 1702 posse
378 1646 517 1690 manifestam
524 1647 551 1690 W
582 1649 632 1691 Lib.
647 1649 677 1692 V.
688 1649 711 1690 in
725 1650 788 1705 prim.
803 1649 858 1703 Reg.
876 1662 922 1704 cep.
935 1650 956 1691 5.

31 1730 76 1789 Μ.
93 1728 223 1782 „Sciendum
240 1733 278 1778 est,
294 1728 343 1782 quia
352 1734 441 1782 peecata
451 1741 489 1768 sua
498 1742 563 1784 saepe
580 1736 602 1770 et
619 1728 706 1784 reprobi
716 1728 837 1771 coufitendo
846 1730 955 1786 operiunt3

30 1813 70 1856 sed
88 1811 137 1867 quia
154 1822 222 1852 rrovue
240 1809 296 1851 vitae
312 1806 409 1849 hobitum
427 1809 543 1851 immutare
560 1810 691 1866 despiciunt,
712 1824 736 1851 en
754 1811 800 1866 ipsa
816 1825 870 1867 quae
887 1809 956 1853 confi-

31 1899 113 1944 tentur,
132 1890 185 1931 llere
201 1889 305 1931 obstinate
324 1895 471 1931 contemnunt.
502 1889 573 1933 Eleeti
592 1905 643 1935 uero
662 1890 735 1947 culpas
757 1906 806 1933 suas
826 1905 869 1933 uon
887 1890 956 1931 solum

31 1987 87 2019 voce
105 1969 242 2012 confessionis
258 1970 392 2023 denuntiant,
408 1972 451 2013 sect
469 1973 537 2013 etiam
555 1973 675 2015 distriotcre
692 1972 897 2014 onitnaolversionis
915 1984 956 2014 eas

26 2053 124 2113 fletibus
144 2049 235 2092 abolere
250 2056 385 2106 precinunt.
418 2051 458 2093 Act
471 2054 626 2107 poenitentiae
642 2067 739 2109 nomque
757 2067 782 2095 se
803 2053 903 2094 lamenta
922 2053 956 2094 ὅτι·

32 2138 142 2184 citantes,
167 2132 255 2174 ooenltu
274 2145 299 2174 oe
321 2132 478 2188 increpatione
500 2132 626 2184 dilaniant,
648 2139 670 2175 et
689 2131 756 2174 futuri
780 2133 853 2186 judicii
879 2134 960 2187 timore,

30 2216 139 2276 percussi,
160 2214 177 2254 ei
195 2214 272 2269 quain
291 2215 321 2255 eis
342 2212 413 2254 adhuc
429 2212 487 2254 male
502 2219 561 2268 gesta
579 2213 671 2267 lateant,
692 2214 806 2269 diligenter
824 2216 956 2270 investigant.

31 2302 102 2354 Saepe
119 2297 176 2338 enim
194 2295 251 2349 quod
267 2300 375 2350 torpentes
391 2294 469 2346 tatuit,
500 2293 602 2336 fientibus
622 2296 741 2337 innotescit.
771 2295 799 2337 Et
819 2298 854 2351 qui
873 2304 956 2339 reatum

34 2394 98 2424 suum
112 2390 186 2419 seeum
206 2376 309 2427 nesciunt,
327 2376 386 2416 lione
404 2375 427 2415 in
444 2388 467 2414 se
484 2381 558 2415 contre
573 2387 596 2414 se
611 2376 677 2415 erecti
695 2375 886 2430 deprehendunt‘s
902 2378 956 2431 Exp.

29 2463 52 2504 in
66 2467 115 2504 tert.
127 2457 205 2500 Psalm.
222 2455 302 2510 poenit.
323 2453 340 2511 t
355 2468 390 2495 21⁴
409 2451 473 2497 cont.
491 2468 563 2510 expos.
582 2455 604 2497 in
623 2463 691 2513 quart.
704 2456 782 2500 Psalm.
796 2459 875 2515 poenit.
894 2454 910 2512 p
921 2468 955 2497 21.

32 2539 94 2583 cont.
111 2554 158 2595 exp.
173 2539 196 2579 in
213 2543 282 2592 quart.
299 2535 377 2578 Psalm.
392 2535 472 2591 poenit.
490 2534 507 2593 ᾗ
518 2548 553 2578 21.
649 2526 653 2533 ⁴

100 2619 223 2662 Electorum
234 2619 276 2661 rite
285 2632 327 2659 uon
335 2631 402 2662 vacua
415 2624 446 2659 est
457 2616 598 2659 afflictionum
607 2618 769 2672 temporalium,
782 2601 804 2659 id
816 2618 872 2674 quod
885 2625 905 2661 et
916 2620 957 2663 Dei

29 2699 124 2759 justitiae
133 2705 154 2741 et
163 2700 279 2742 electorum
291 2699 376 2744 utilitati
387 2714 505 2756 congruum
515 2707 552 2743 est.
574 2698 607 2743 Ab
618 2698 685 2748 altera
692 2706 754 2754 perte
762 2700 903 2757 reproborum
914 2702 957 2747 vito
