1999 2998
452 87 579 153 Q

54 200 194 258 conspiciunt‚
210 200 284 260 quise
299 203 376 248 liberos
391 204 448 248 inter
463 209 562 263 gravtam
576 207 721 250 crediderunt.
736 228 766 239 -
790 204 835 262 Qui
852 205 879 247 ‹Ie
896 207 975 249 vtrtote

54 294 78 323 se
94 282 187 336 extollit,
207 298 245 341 per
262 287 335 329 vitium
355 286 540 332 adhumilitatem
559 290 636 331 redit.“
663 290 719 332 Mor.
733 287 836 339 XXXIII.
852 288 889 329 25.
924 287 977 338 „Id-

54 364 111 407 circo
130 366 265 421 omnipotens
282 368 340 410 Deus
355 368 436 410 'electos
455 383 505 412 suos
525 372 547 413 in
567 371 693 427 qmbusdam
711 369 804 426 lapsibus
821 369 901 410 cadere
921 381 976 424 per-

53 446 118 499 misit,
132 452 157 488 ut
172 446 218 488 aliis
232 446 254 489 in
268 447 330 503 culpa
345 448 470 503 jacentibus,
484 453 502 492 si
518 457 563 494 toto
578 440 605 493 ad
621 466 670 493 curn
684 452 747 494 corde
761 458 896 507 consurgant,
913 464 976 506 spem

53 528 130 571 veniae
146 528 236 580 reddat,
263 534 286 570 et
305 529 335 569 cis
350 543 396 586 per
416 531 517 575 Iumenta
527 534 681 590 poenitentiae
697 534 751 576 viem
766 533 850 589 pietatis
868 531 975 588 aperiat.“

52 608 77 650 In
93 608 189 663 Evangg.
207 607 265 650 hom.
278 608 328 651 XX.
347 607 365 667 ᾗ.
384 612 418 654 15.
448 613 539 667 „Quum
556 610 647 656 fortasse
662 613 794 656 infirmantur
810 612 886 665 electi,
908 618 974 666 atque

53 690 76 731 in
95 689 208 731 desideriis
223 688 301 732 illicitis
319 697 390 744 ruunt,
407 692 428 733 Iu
446 693 489 734 hoo
509 694 637 751 plerumque
660 696 725 738 divini
741 694 833 737 muneris
849 707 915 736 manu
934 706 974 733 re·-

52 769 163 822 tinentur,
196 770 253 825 quod
269 770 381 814 voluntatis
401 773 492 814 miserae
509 775 578 816 quIos
599 776 687 817 effectus
709 776 823 817 inveniunt.
851 776 973 829 Quumque

53 862 130 891 eorum
145 850 200 892 votis
217 850 286 892 valida
301 850 438 894 contrarietas
452 854 554 907 nascitur,
570 856 696 912 plerumque
711 869 737 896 ex
751 856 793 910 ipsa
803 854 972 911 impossibilitate

54 931 199 985 corriguntur,
217 936 239 971 et
254 931 308 972 miro
325 930 422 974 internae
435 933 581 989 dispositionis
597 938 678 989 ordine,
694 949 732 992 per
747 936 904 980 conversionem
922 947 974 975 mu-

54 1012 107 1055 tatio
123 1011 193 1053 malae
210 1011 324 1054 voluntatis
337 1014 448 1069 sequitur,
472 1015 524 1057 dum
542 1030 582 1073 per
598 1016 741 1059 infirmitatem
757 1014 859 1072 perfectio
874 1017 972 1069 denega-

53 1095 110 1136 tur.“
142 1093 198 1135 Mor.
214 1092 315 1136 XXXIV.
330 1106 349 1135 u.
364 1093 467 1147 „Habent
483 1095 526 1138 Iroc
542 1096 603 1140 electi
621 1098 741 1154 proprium,
759 1106 782 1139 ut
800 1098 817 1139 si
838 1096 925 1152 quando
941 1095 975 1135 eis

53 1177 75 1218 in
89 1189 128 1216 sua
145 1172 234 1215 scientia
253 1171 334 1217 furtiva
348 1188 414 1219 vanae
428 1176 511 1231 gloriae
527 1178 590 1234 culpa
605 1162 707 1236 subdat,
725 1178 752 1219 ad
767 1192 804 1230 cor
818 1176 920 1220 velociter
935 1188 972 1215 re-

54 1257 127 1310 deant,
148 1262 169 1297 et
185 1254 295 1311 quidquid
310 1255 372 1311 imae
392 1262 445 1298 ante
461 1257 559 1301 districti
571 1257 659 1312 judicis
676 1259 751 1300 oculos
769 1257 896 1299 damnabile
911 1257 972 1297 Inve-

53 1338 130 1388 niunt,
154 1335 257 1378 lacrimis
277 1334 429 1400 ineeqipcmtur.
456 1337 514 1395 Qui
525 1335 614 1391 fientes
629 1351 671 1379 uon
689 1338 755 1379 solum
776 1343 837 1379 caute
856 1336 971 1391 inspiciunt

53 1418 110 1461 mala
125 1431 180 1474 quae
194 1401 353 1468 commiserunl,
370 1417 408 1458 sed
423 1431 451 1458 ex
466 1423 556 1473 accepto
570 1431 661 1460 munere
675 1433 730 1475 quae
739 1420 829 1460 reddere
841 1417 904 1457 etiam
914 1416 971 1456 bono

53 1498 188 1552 debuerunt,
221 1496 270 1551 quie
289 1496 388 1539 nimirum
408 1504 468 1540 tanto
484 1511 507 1540 se
528 1496 618 1552 amplius
633 1506 755 1554 peccatores
768 1496 872 1549 sentiunt,
891 1503 972 1552 quanto

53 1591 81 1620 ex
98 1577 202 1632 neglectis
217 1575 286 1630 bonis,
302 1591 357 1633 quae
371 1591 435 1633 agere
453 1584 560 1634 poteraut,
577 1578 685 1621 debitores
701 1585 806 1621 tenentur.
816 1599 845 1608 -
861 1578 972 1619 Sodnun-

49 1672 118 1725 ,quapr
135 1659 196 1699 Deus
211 1664 307 1700 mentem
324 1659 413 1711 deserit,
434 1659 529 1714 quaein
547 1659 640 1714 peccatis
660 1672 683 1700 se
701 1659 804 1702 veraciter
820 1659 920 1712 agnoscit.
942 1679 971 1687 -

51 1740 174 1782 Redemtor
188 1745 261 1780 noster
275 1740 310 1794 pie
327 1753 364 1780 nos
380 1739 508 1793 respiciens,
529 1751 567 1779 cor
584 1739 690 1794 peccantis
707 1738 814 1789 humiliat,
832 1743 853 1778 et
869 1738 888 1777 ei
905 1750 970 1791 quam

52 1821 153 1861 amiserat
167 1818 330 1873 intelligentiam
346 1817 460 1874 reformat3
480 1841 510 1850 -
533 1830 570 1858 cor
586 1815 676 1873 aflligit,
696 1827 718 1861 et
734 1819 843 1861 scientiam
862 1819 969 1873 reparat.“

52 1900 121 1942 XXII.
139 1912 160 1953 9.
181 1899 218 1951 „Iu
238 1899 379 1941 amaritudine
394 1901 479 1941 animae
502 1906 552 1940 sunt
570 1913 643 1942 omnes
659 1900 731 1953 electi,
762 1901 815 1955 quio
833 1899 870 1939 vel
886 1899 969 1954 picture

45 1979 129 2035 flendo
144 1995 188 2022 nora
206 1979 309 2021 desinunt
323 1994 381 2036 quae
401 1981 558 2037 deliquerunt,
580 1980 616 2023 vel
636 1982 694 2036 gravi
710 1994 733 2021 se
749 1992 845 2021 moerore
865 1978 969 2031 afficiunt,

51 2060 101 2115 quia
121 2059 186 2114 longe
205 2059 248 2102 huo
268 2058 350 2103 afacie
371 2052 488 2104 conditoris
510 2061 611 2116 projecti,
633 2062 703 2104 adlruc
726 2063 747 2104 in
768 2067 865 2103 aeternae
887 2060 968 2116 patriae

50 2127 134 2196 gaudiis
153 2152 196 2180 nou
216 2143 288 2182 sunt.“
319 2142 345 2184 V.
361 2144 382 2185 5.
414 2143 503 2193 „Electi
520 2143 627 2197 quamdiu
648 2144 671 2184 ic
696 2142 740 2184 hac
759 2143 806 2182 vita
829 2146 892 2192 cunt,
917 2141 966 2182 sine

50 2220 253 2278 quantulocumque
266 2222 346 2277 culpane
362 2223 536 2278 contagioesse
552 2235 595 2262 non
606 2227 707 2278 possunt.
743 2222 784 2262 Sed
799 2235 864 2276 quum
881 2222 911 2261 eis
924 2234 967 2276 pa-

49 2290 98 2345 rum
115 2302 167 2358 quid
183 2302 238 2343 inest
255 2302 311 2357 quod
328 2302 434 2358 deprimit,
451 2300 518 2342 multa
533 2301 598 2344 virtus
616 2302 683 2343 bonae
700 2302 786 2344 actionis
801 2301 893 2356 suppetit
909 2314 970 2361 quae⁴

50 2385 98 2428 illos
114 2385 136 2426 In
151 2395 243 2439 superna
256 2383 367 2426 sustollit.“
395 2382 475 2424 XXXI.
496 2395 532 2423 12.
548 2382 632 2435 „Electi
646 2383 741 2438 quamvis
755 2382 867 2426 virtutibus
879 2396 902 2424 se
919 2382 967 2423 eri-

49 2473 112 2523 gant,
135 2477 221 2520 semper
236 2470 307 2507 tamen
324 2469 446 2520 peccatores
463 2476 486 2504 se
505 2477 551 2504 esse
568 2466 706 2518 agnoscunt.“
741 2464 811 2521 Super
833 2471 888 2506 cant.
908 2470 967 2507 cant.

50 2562 124 2604 expos.
138 2561 184 2603 cap.
194 2548 214 2588 5.
231 2542 249 2601 §-
264 2545 297 2586 16.
327 2545 415 2599 „Solent
433 2543 495 2585 electi
513 2544 563 2595 viri,
583 2545 610 2585 ad
627 2558 652 2586 ea
672 2558 762 2600 quorum
781 2546 822 2587 sibi
844 2552 894 2587 sunt
911 2559 968 2586 con-

48 2629 86 2669 scii
103 2636 198 2684 peccata,
216 2628 291 2669 mentis
308 2626 406 2669 intuitum
421 2625 534 2676 reducere,
552 2632 573 2667 et
589 2626 656 2667 modis
673 2639 746 2667 eorum
766 2634 826 2669 cauta
841 2626 965 2682 singulatim

48 2710 220 2753 consideratione
234 2710 355 2766 perspectis,
369 2707 461 2765 singula
477 2719 579 2764 quaeque
595 2706 694 2763 dasserm
721 2713 743 2750 ut
757 2708 799 2751 hoc
814 2710 878 2752 modo
895 2706 963 2752 cordis
