1999 2998
487 56 502 97 6
546 84 549 87 ,

433 109 560 119 ..u-...m-

42 183 136 229 aeternis
150 184 223 238 postea
241 176 372 227 fruerentur3
389 178 411 214 et
428 173 507 214 »nerito
519 170 731 232 datnuiderentur
744 171 855 231 probetis,
872 183 894 222 et
908 175 960 235 gra-

43 269 99 312 tiora
120 265 196 307 fierent
216 252 397 302 reminiscentibus
414 259 520 294 transacta
541 253 672 309 certamina;
702 261 724 297 et
744 255 799 311 plus
816 255 961 312 glorificarent

46 355 177 397 donatorem,
193 335 287 398 quipios
304 337 327 377 in
340 334 382 376 hoc
399 336 492 379 seccato
503 331 586 389 junan-
602 340 624 376 et
640 340 664 377 ut
680 335 798 389 vincerent,
817 344 839 380 et
854 344 878 380 ut
889 339 961 382 victo-

46 435 104 479 ribus
119 433 202 469 aeterna
222 416 317 474 praemia
335 417 501 459 concederent.“
539 416 563 458 In
582 431 629 474 cap.
644 418 680 459 28.
700 416 868 461 Iuniliushaec
887 419 964 469 affert:⁴

45 513 126 567 „Causa
142 501 245 547 melorum
261 498 284 539 in
304 497 356 555 ipsis
378 503 410 541 est
426 500 463 555 qui
479 498 530 541 mali
550 505 612 554 sunt3
639 497 690 554 quia
706 497 759 541 dnm
777 497 847 543 libero
863 501 960 545 arbitrio

43 566 111 651 ¹atque
124 587 186 630 bene
202 592 307 623 concesso
324 580 454 624 inordinate
467 585 562 623 utuntur
575 580 703 624 rationales
716 587 841 646 creaturae
846 612 854 634 ,
874 587 896 624 et
910 595 960 625 ma-

46 676 119 722 litiae,
140 670 161 709 et
177 674 268 720 poenae
289 675 362 704 cansa
377 660 465 705 sibimet
486 662 607 705 existunt.“
631 683 662 694 -
692 661 728 705 De
747 667 821 703 cetero
839 669 959 706 memoratu

45 757 128 809 dignum
146 759 193 788 esse
208 743 307 796 videtur,
332 742 390 798 quod
405 743 427 785 in
443 757 488 801 cap.
501 744 537 786 50.
555 743 583 785 de
597 756 635 796 eo,
656 743 714 800 quod
730 742 787 786 inter
803 741 868 786 fidem
883 750 904 786 et
922 758 960 786 ra-

43 838 120 879 tionem
134 824 265 876 intercedat,
283 823 427 883 proponitur„
451 822 485 867 Ad
505 824 662 881 quaestionem,
687 824 720 877 „si
737 824 829 878 divinae.
841 825 960 882 scripturae

42 909 201 975 probationibus
215 903 332 958 sufficiunt,
348 905 400 961 quid
416 907 535 948 necessaria
549 913 581 948 est
595 905 692 961 religioni
709 903 794 948 fides'l“
807 907 959 962 respondetur:

42 996 121 1052 „Fides
137 996 208 1034 nostra
226 1000 297 1044 sepner
312 987 401 1029 ratione
419 987 506 1042 quidem
523 994 565 1042 est,
584 1001 628 1029 non
643 993 716 1029 tamen
731 986 846 1028 temerarie
862 994 884 1029 et
897 989 960 1030 irra-

43 1074 179 1122 tionabiliter·
195 1068 320 1111 adsumitur.
348 1066 381 1108 Ea
396 1068 453 1109 enim
469 1082 523 1123 qnae
540 1069 596 1110 ratio
613 1068 703 1118 edocet,
723 1065 778 1108 fides
792 1067 912 1125 tutetttgtn
937 1075 960 1111 et

44 1158 84 1201 ubi
97 1154 151 1197 ratio
167 1150 290 1209 defecerit,
315 1146 368 1190 fides
380 1150 522 1205 praecurrit.
553 1148 602 1191 Non
619 1147 677 1190 enim
696 1151 806 1203 utcunque
822 1148 894 1191 audita
909 1161 966 1196 cre-v

44 1241 122 1291 dimus,
135 1233 173 1277 sed
189 1245 215 1274 ea
231 1244 285 1288 quae
300 1230 357 1279 ratio
370 1243 413 1271 non
427 1229 542 1286 improbat.
578 1229 659 1273 Verum
676 1228 734 1286 quod
747 1229 849 1285 consequi
866 1229 893 1271 ad
910 1229 971 1286 plc-‚

42 1334 95 1364 num
113 1330 156 1360 non
172 1310 327 1371 potest,fideli
341 1309 455 1367 prudentia
465 1310 617 1367 'confitemur‘6

104 1395 234 1451 Gregorius
251 1392 400 1442 Turonensis,
417 1392 454 1447 qui
467 1406 524 1434 anno
539 1392 591 1447 596.
608 1391 666 1434 diem
681 1391 735 1434 obiit
748 1404 885 1447 supremum,
903 1376 960 1433 editt

44 1474 131 1520 historia
149 1464 290 1515 ecclesiastica
309 1459 443 1515 Francorum
466 1487 568 1531 magnum
585 1486 664 1516 nomen
686 1473 777 1529 adeptus
800 1479 839 1515 est.
876 1472 899 1513 In
919 1471 961 1512 hoc

45 1558 132 1615 quidem
148 1566 214 1611 opere
228 1552 414 1609 praestantissimo,
435 1554 493 1609 quod
508 1556 530 1596 in
545 1554 692 1597 Monumentis
707 1553 840 1595 Germaniae
855 1551 961 1594 historicis

44 1639 106 1682 novis
122 1636 178 1679 curis
191 1633 291 1691 prodibit,
305 1632 358 1674 nihil
375 1630 423 1676 fere
439 1634 505 1691 inest,
522 1635 580 1692 quod
592 1634 616 1677 in
631 1634 796 1692 disputationem
812 1640 906 1676 nostram
922 1647 961 1674 ca-

44 1720 86 1761 dat.
116 1717 178 1760 Libri
195 1722 266 1758 atatem
283 1713 338 1758 vnn
353 1714 535 1770 Mirueulorum,
566 1730 622 1772 quae
639 1716 690 1759 item
709 1715 737 1757 ad
756 1721 848 1756 aetatem
865 1719 960 1755 nostram

44 1802 198 1856 pervenerunt,
218 1795 275 1837 etin
292 1794 319 1836 Τ.
330 1794 384 1838 VIII.
404 1794 547 1839 bibliothecae
562 1804 648 1853 patrum
666 1795 762 1838 Parisina
779 1786 837 1850 typis
849 1793 964 1848 'descripti-

45 1885 106 1929 sunt,
132 1874 234 1917 nonnulla
248 1875 368 1926 continent,
397 1889 452 1930 quae
468 1872 558 1919 adrem
572 1884 667 1919 nostram
684 1873 774 1917 faciunt.
805 1872 960 1915 Miracnlorum

45 1958 101 2000 liber
112 1957 201 2012 primns
218 1955 260 2009 agit
278 1954 306 1995 de
323 1954 430 1996 miraculis
446 1956 496 1998 lesu
512 1957 603 2009 Christi,
623 1956 769 2012 apostolorum
789 1960 812 1998 et
829 1960 960 2010 martyrum,

45 2038 160 2082 sectandas
176 2036 203 2077 de
222 2035 320 2091 passione
339 2042 361 2078 et
376 2035 491 2079 virtutibus
508 2037 531 2080 S.
548 2037 638 2080 Julinni
655 2036 767 2092 martyris,
797 2041 906 2093 quatuor,
923 2035 960 2090 qui

4 2122 8 2129 ”
44 2119 92 2161 illos
109 2117 228 2174 excipiunt,
252 2114 313 2168 libri,
338 2116 365 2158 de
379 2117 493 2161 virtutibus
509 2125 532 2161 et
547 2118 655 2161 miraculis
673 2117 696 2160 S.
712 2117 820 2164 ItInrtink
852 2117 960 2172 septimus

45 2199 98 2240 libor
117 2198 144 2240 de
159 2198 206 2242 vitis
222 2203 344 2239 sanctorum
361 2205 447 2254 patrum
467 2213 507 2242 seu
522 2200 658 2257 quorundam
677 2199 838 2256 religiosorum
855 2197 959 2244 Galliam

47 2286 136 2324 octavus
151 2279 179 2321 de
193 2278 260 2334 gloria
274 2276 427 2321 confessorum.
975 2265 977 2268 ’

104 2362 127 2403 In
141 2359 299 2403 Miraculorum
313 2358 349 2400 lib.
364 2359 389 2401 11.
405 2373 451 2416 cap.
466 2373 485 2400 1.
501 2360 569 2416 gratia
585 2360 630 2404 sive
648 2358 716 2416 pietas
734 2359 805 2403 divina
825 2358 960 2409 describitur,

49 2452 100 2494 quae
114 2449 182 2485 autem
199 2440 226 2484 ab
242 2455 274 2495 ca,
290 2454 355 2498 quam
363 2438 494 2496 Augustinus
503 2440 640 2495 defendebat,
657 2441 734 2483 mirum
747 2449 850 2498 quantum
864 2440 960 2482 discedit.

113 2520 223 2575 „Magnum
238 2524 261 2565 in
278 2522 362 2576 nobis,“
379 2521 448 2578 inquit
464 2521 582 2580 Gregorius
598 2525 710 2581 episcopus
728 2522 873 2574 Turonensis,
888 2534 961 2577 „quo-

47 2599 162 2641 dammodo
177 2601 287 2654 igniculum
303 2604 331 2647 ad
343 2605 438 2661 justitiae
453 2618 503 2646 suae
517 2606 676 2664 adipiscendam
686 2604 783 2645 semitam
795 2603 959 2659 pietnsdivintt

43 2680 166 2734 succendit,
188 2693 252 2738 quum
267 2687 327 2742 dicit,
350 2688 410 2732 ceriti
426 2687 517 2734 Domini
534 2702 604 2746 snper
616 2684 706 2742 justes,
731 2691 753 2729 et
774 2698 844 2729 nureo
859 2681 912 2738 ejus
928 2685 960 2727 nd
