1999 2998
430 96 524 162 'ss

446 171 574 184 n—-ae—-a-

45 236 80 294 gia
98 235 120 278 in
137 234 237 294 Gregorii
259 237 343 294 seriptis
366 236 446 294 ubique
467 237 695 295 deprehenderentur,
726 245 776 276 cum
802 245 881 289 magno
900 240 972 280 tamen

45 318 81 361 illo
99 319 199 375 theologo
216 334 265 363 eum
283 320 342 363 nullo
361 320 425 362 modo
442 334 487 362 esse
502 319 679 375 comparandum,
692 333 735 370 nec
751 332 778 362 eo
794 317 894 360 acumine
906 314 973 358 fuisse

44 401 178 457 praeditum,
205 409 229 445 nt
248 417 334 445 sensum
354 415 405 444 uere
421 399 553 455 profundum
577 400 687 442 doctrinae
703 401 874 458 Augustinianae
892 398 978 454 ubique

44 487 216 539 serpentesque
233 483 295 532 adeo,
315 481 354 522 etsi
370 479 457 534 vestigia
473 480 519 534 ejus
534 478 658 534 scrupulosa
675 481 784 538 diligentia
801 488 920 540 premeret,
938 479 973 524 vel

42 564 134 606 inscium
150 564 223 606 multis
242 562 316 604 stadiis
336 560 362 603 ab
386 574 412 602 eo
429 560 561 613 discessisse,
589 559 716 615 placitorum
737 564 840 620 Gregorii
863 562 970 619 expositio

43 644 137 704 docehit.
152 664 182 676 -
197 642 244 685 Nec
258 655 336 699 magua
353 641 474 684 eruditione
488 647 562 684 noster
577 640 704 686 excellebat·
737 646 811 701 Quum
826 644 913 687 Graece
928 657 971 684 ne-

42 726 117 777 sciret,
136 739 186 767 eum
201 724 336 767 Graecorum
355 721 457 765 historiae
473 722 630 765 ecclesiastieae
651 722 732 773 notitia]
746 727 810 768 modo
826 725 905 769 leviter
925 723 970 764 im-

43 807 120 848 butum
133 804 211 860 fuisse⁷
230 803 262 862 14)
282 804 356 847 mirari
375 816 419 845 non
438 803 495 847 licet.
525 803 602 847 Oratio
619 803 665 861 ejus
682 804 763 864 Latina,
777 812 820 850 tam
841 805 930 849 horride
947 809 970 847 et

44 915 201 926 ...m

58 982 90 1031 rh)
107 983 194 1031 Eudoxii,
209 983 229 1021 in
242 985 314 1034 cyriaci
327 984 414 1035 synodice
427 984 505 1034 epistola
518 983 604 1032 damnati,
617 984 701 1024 haeresin
714 986 803 1035 Gregorio
815 986 870 1036 plane
884 987 966 1037 ignotam

108 1053 170 1101 fuisse,
183 1068 206 1093 ex
217 1057 249 1094 lib.
265 1059 306 1095 Vll.
319 1058 372 1106 epist.
386 1069 402 1106 7.
414 1062 434 1092 et
446 1056 477 1092 54.
488 1060 544 1104 patet
570 1056 631 1101 „luter
644 1059 693 1103 eos,“
704 1058 777 1107 scripsit
789 1058 869 1105 Eulogio
882 1059 934 1106 epist.
944 1071 966 1106 7,

106 1139 164 1174 „quos
176 1140 210 1175 por
222 1129 343 1165 sanctissimas
355 1128 449 1176 generales
465 1127 545 1176 synodos
558 1128 670 1165 damnandos
683 1140 722 1165 csso
735 1128 841 1173 censuistis,
859 1127 966 1165 Eudoxium

44 1241 46 1243 Ι
99 1195 216 1246 ‘praenestem
229 1212 260 1237 vos
273 1199 368 1236 damnasse
379 1199 491 1247 reperimus3
518 1199 568 1248 cnjus
589 1212 658 1236 nomen
674 1198 694 1233 in
710 1198 777 1234 Latina
793 1198 858 1247 lingua
872 1210 933 1248 neque
947 1200 968 1236 iu

106 1269 188 1317 synodis,
201 1253 261 1317 neque
273 1270 294 1305 in
306 1269 359 1305 libris
372 1269 437 1305 beatae
448 1268 548 1305 memoriae
561 1270 691 1317 episcoporum
703 1268 805 1316 Epiphanii
817 1268 850 1319 (l),
862 1270 966 1318 Augustini,

105 1345 124 1377 et
136 1339 233 1386 Philastri,
251 1352 296 1388 quos
309 1345 373 1376 contra
384 1339 487 1376 haereticos
499 1340 598 1388 praecipue
611 1338 712 1388 disputasse
724 1338 820 1386 novimus,
842 1341 923 1389 positum
934 1354 966 1379 re-

105 1410 206 1459 perirnns.“
230 1407 361 1458 „Querulum
372 1408 492 1446 Eudoxium“
504 1409 577 1457 scripsit
593 1409 645 1457 epist.
657 1409 688 1445 34.
704 1407 765 1445 eidem
782 1411 868 1458 episcopo
880 1412 965 1450 Alexan-

106 1481 166 1526 drino,
179 1488 198 1525 ct
210 1480 306 1517 Anastasio
320 1480 406 1527 episcopo
419 1479 537 1516 Antiocheno
550 1478 669 1527 υ(Ογνίειειιε)
684 1478 785 1526 damnavit,
802 1492 857 1528 quem
869 1493 931 1530 neque
944 1483 965 1520 in

106 1551 180 1600 synodis
193 1552 297 1588 damnatum
310 1549 427 1594 invenimus,
445 1561 506 1597 neque
519 1562 529 1584 a
542 1548 668 1592 decessoribus
684 1550 724 1598 ejus
739 1551 760 1586 in
777 1551 814 1586 suis
828 1551 921 1598 synodicis
933 1565 965 1589 re-

104 1622 218 1670 probratnrn.
242 1623 269 1659 Et
285 1632 363 1665 canones
380 1620 454 1668 quidem
468 1617 669 1666 Constantinopolitani
685 1620 760 1656 concilii
777 1620 897 1658 Eudoxianos
913 1622 966 1659 dern-

103 1697 158 1738 nant3
184 1692 216 1729 sed
235 1691 275 1740 quis
287 1690 343 1728 luerit
355 1703 419 1728 eorum
432 1695 496 1727 auctor
509 1689 614 1735 Eudoxius,
631 1690 708 1726 minime
721 1691 791 1729 dicunt.
804 1709 829 1720 ·-
854 1695 876 1730 In
887 1693 964 1732 historia

104 1762 209 1806 sozomeni,
222 1762 245 1798 de
259 1762 337 1809 quodam
350 1761 442 1805 Eudoxio,
459 1760 490 1806 qui
504 1760 717 1806 Constantinopolitanae
733 1762 821 1798 ecclesiae
837 1763 962 1810 episcopatum

104 1831 203 1879 arripuisse
218 1832 291 1876 dicitur,
304 1830 365 1878 aliqua
377 1836 480 1867 narrantur.
506 1829 542 1864 Sed
554 1829 613 1875 ipsam
626 1839 699 1875 quoque
712 1829 808 1866 historiam
820 1831 873 1868 sedes
886 1839 963 1881 aposto..

103 1900 138 1937 lica
151 1902 243 1949 suscipere
254 1906 331 1946 recusat,
344 1902 431 1949 quoniam
444 1900 501 1936 multa
515 1899 614 1945 mentitur,
627 1905 646 1934 et
659 1899 780 1935 Theodorum
794 1902 918 1949 Mopsuestiae
932 1907 962 1941 ni-

103 1972 161 2008 mium
174 1971 241 2008 laudat.
255 1991 279 1998 —-
299 1973 320 2007 ln
334 1972 399 2007 Latina
411 1984 455 2008 vero
468 1971 530 2018 lingna
542 1970 566 2006 de
579 1969 615 2005 hoc
627 1970 714 2006 Eudoxio
726 1982 856 2020 nuncusque,
869 1976 963 2022 nequeiu

103 2043 208 2087 Philastro‚
229 2042 320 2089 neqnein
333 2043 386 2078 beato
399 2042 514 2090 Augustino,
534 2040 566 2089 qui
578 2038 636 2076 multa
648 2040 671 2075 de
689 2041 796 2078 haeresibus
809 2044 961 2092 conscripserunt,

102 2125 163 2160 neque
175 2114 195 2148 in
208 2113 248 2148 aliis
261 2112 345 2149 Patribus
358 2112 429 2160 aliquid
442 2112 551 2150 invenimus.
583 2112 652 2149 Caritas
665 2111 722 2159 igitur
738 2117 797 2149 vestra
804 2139 809 2158 ,
833 2114 849 2150 si
862 2115 901 2162 quis
912 2115 961 2162 apud

102 2182 182 2218 Graecos
197 2182 319 2233 probatorum
337 2185 412 2219 Patrum
429 2182 453 2217 de
466 2195 488 2218 eo
501 2193 606 2219 sermonem
619 2181 672 2226 lecit,
696 2181 733 2219 suis
746 2181 793 2217 mihi
811 2183 891 2230 epistolis
903 2185 961 2221 inno-

102 2253 175 2289 tescatt‘
190 2271 213 2279 -
240 2252 266 2288 nt
278 2262 316 2286 non
328 2251 389 2286 solum
402 2252 521 2296 Sozornenus,
534 2251 565 2288 sed
580 2252 637 2286 etiam
649 2254 732 2288 Socrates
745 2257 763 2287 et
775 2252 909 2300 Theodomtus,
922 2255 960 2291 Ba-

101 2323 164 2368 silius,
181 2322 280 2371 Gregorius
293 2322 418 2359 Nazianzenus
430 2327 484 2369 atque
497 2322 621 2370 Epiphanius,
641 2322 679 2358 imo
693 2322 733 2370 ipse
745 2320 854 2359 Athanasius
867 2323 931 2371 (Orat.
945 2328 961 2364 l.

102 2401 166 2431 contra
179 2392 268 2441 Arianos)
285 2391 368 2429 Eudonii
385 2397 404 2428 et
419 2392 571 2430 Eudoxianorum
587 2394 700 2431 mentionem
716 2390 805 2430 fecerunt.
837 2393 961 2435 conferantur

102 2477 148 2513 qrrae
161 2464 250 2511 Eulogius
263 2464 284 2499 in
296 2463 361 2507 literis,
375 2463 441 2509 quibus
455 2464 544 2512 Gregorio
557 2464 658 2513 respoudit,
671 2464 695 2500 ‹le
706 2464 791 2501 Eudoxio
803 2464 897 2512 aBasilio,
911 2467 961 2505 Gres

103 2535 154 2584 gorio
172 2534 288 2571 Nazianzeno
307 2537 361 2580 atquc
375 2533 481 2579 Epiphanio
500 2536 585 2571 danmato
601 2535 658 2572 affert.
687 2534 728 2571 Vid.
742 2535 795 2580 (areg.
812 2535 865 2583 epist.
878 2538 910 2574 5ο.
927 2538 962 2576 tib,

103 2608 155 2643 Vlll.
169 2626 192 2634 —
207 2604 270 2652 Quid?
285 2604 334 2652 quod
343 2603 452 2651 Gregoriu'rn
465 2604 525 2652 ipsum
540 2612 623 2654 qrrertum
637 2604 735 2642 concilium
748 2605 890 2644 oecumenicum
904 2608 962 2646 Chal-

103 2676 256 2714 oecononum.
274 2674 356 2711 habiturn
368 2687 405 2711 non
421 2675 480 2722 probe
493 2677 607 2723 cognovisse,
632 2680 706 2723 apparet
723 2686 746 2710 ex
763 2676 817 2723 epist.
828 2677 859 2728 59.
878 2678 912 2714 lih.
924 2681 961 2724 IV„

102 2747 135 2783 ubi
148 2747 255 2785 Constantio
269 2747 354 2795 episcopo
368 2744 508 2793 Mediolanensi,
520 2746 580 2794 quinti
593 2744 708 2786 oecumenici
722 2746 798 2783 concilii
811 2749 883 2787 ratione
894 2749 959 2795 habita,

679 2815 699 2862 E
