1999 2998
417 103 544 170 ..uz

31 216 34 222 ’
64 230 78 253 ³
93 219 205 266 ct‘Gratiu
216 222 291 267 ‘divina
305 223 389 267 interna
405 218 427 266 et
441 223 468 265 ad
486 204 852 275 intellectum:et'adfvoiuutatem
865 214 941 258 ,homi-

20 301 53 345 nis
69 299 112 368 y'im
129 303 201 347 habet.
218 303 303 352 Verbi
323 305 387 350 (titini
403 305 533 347 adminiculo
551 306 583 347 uti
599 304 663 357 solet,
681 304 719 345 sed
732 302 758 343 'ei
777 307 820 341 555
839 295 942 343 adstricto

20 389 171 438 est,'nectam
186 387 248 428 arctis
259 384 366 430 ttmiubus
378 399 402 427 se
415 386 562 427 circumscribi
579 386 665 441 patitur.
696 383 767 439 Hujus
782 380 867 436 rgratiae
876 376 942 418 ,inte-

18 463 64 505 rior
75 471 154 507 natura
169 466 273 522 explicari
289 480 331 507 non
347 470 422 520 petest
452 462 514 506 Haec
525 472 558 507 est
572 466 641 520 gratia
656 465 736 508 diviua
735 477 811 506 sensu
821 458 939 502 strictiori

65 546 111 586 5.
130 545 206 586 Gratia
221 545 264 587 Dei
282 547 365 589 iuterna
379 544 427 589 sive
439 545 507 628 gratia
526 545 576 588 Dei
589 559 652 587 sensu
669 545 768 588 strictiori
784 541 905 584 hominem
916 545 939 580 et

18 625 129 679 praecedit
146 631 168 666 et
182 625 324 682 subsequitur.
837 625 839 632 ’

88 706 109 746 4
127 705 229 759 Quamvis
247 708 328 762 gratiae
345 704 407 760 hujus
426 705 494 748 viset
511 707 566 748 rotie
583 706 716 748 inteilectum
735 706 820 762 quidem
836 708 937 745 nostrum

17 786 165 836 transcendat,
187 785 279 828 liberum
297 794 369 829 tamen
385 783 477 824 hominis
494 786 606 828 arbitrium
623 784 690 842 gratie
710 784 839 830 diviuinon
860 781 937 824 extin—

18 865 98 918 guitur.
129 862 190 905 Haec
209 865 236 905 iis
248 864 311 913 modo
324 862 440 916 confertur,
455 864 491 919 qui
505 879 553 909 >sese
564 864 651 922 propria
667 867 773 910 voluntate
788 866 875 907 adeam
892 875 936 917 ap-

16 944 139 1000 plicuerint·
177 944 252 987 Gratia
271 952 344 1002 utpote
362 944 467 986 medicina
484 945 511 987 iis
529 948 594 988 modo
610 947 736 1003 praebetur,
752 947 788 1004 qui
803 945 892 988 medico>
903 942 937 984 uti

16 1018 131 1067 voluerint.
162 1025 265 1068 Meritum
278 1028 346 1084 'igitur
363 1024 454 1068 hominis
472 1027 539 1068 animi
555 1029 698 1084 propensione
720 1027 854 1085 ad‘gratiam
874 1021 935 1065 acci-

16 1107 117 1162 piendam
135 1108 236 1148 cernitur.

28 1185 30 1212 ῖ
88 1188 107 1227 5.
127 1185 162 1226 Ex
177 1185 209 1226 his
223 1191 318 1240 apparet,
337 1184 419 1240 gratiae
434 1179 518 1231 divinae
533 1186 644 1232 hominem
658 1187 844 1244 resistereposse.
875 1180 935 1230 Grai

16 1267 46 1310 tia
61 1266 128 1322 igitur
144 1271 234 1308 nonest
249 1264 392 1309 irresistibilis
491 1298 509 1302 f-
669 1266 671 1271 ’
702 1268 710 1275 ’“

471 1421 508 1450 2

284 1485 318 1541 V
344 1485 390 1539 De
406 1376 656 1557 picarias
526 1489 604 1540 tiuutc
596 1486 660 1540 moue

12 1618 14 1622 “
81 1608 117 1671 De
137 1605 341 1671 praedestinatione,
367 1603 490 1662 quaecum
512 1607 611 1671 doctriua
631 1607 658 1649 dc
676 1602 754 1670 gratia
759 1600 877 1645 arctissime
900 1603 933 1639 est

10 1678 135 1744 conjuncta,
152 1688 207 1749 haec
220 1680 287 1729 habet
303 1683 421 1750 Gregorius
434 1695 513 1731 noster.

87 1781 105 1808 1.
126 1767 153 1809 Si
163 1764 262 1808 Adam
249 1779 293 1807 non
306 1774 425 1821 peccasset,
446 1767 485 1808 soli
505 1746 568 1807 electi
591 1769 749 1830 nascerentur·
766 1757 838 1817 Quum
856 1766 929 1801 autem

12 1847 109 1889 Adamus
127 1846 252 1902 deliquerit,
268 1861 295 1888 ex
308 1839 428 1889 hominibus
443 1853 532 1902 peccato
548 1845 625 1888 'Adami
640 1842 736 1885 obnoxiis
750 1843 868 1883 numerum
878 1852 929 1881 cer

8 1923 58 1969 'tum
73 1935 95 1970 et
112 1922 223 1969 definitum
239 1928 299 1969 Deus
316 1942 354 1984 pro
370 1942 408 1969 sua
425 1922 614 1969 misericorditer)
631 1930 718 1967 aeterno
735 1924 811 1979 elegit,
834 1922 871 1976 qui
891 1933 929 1960 sa-

10 2007 61 2049 lutis
79 2015 180 2050 aeternae
197 1995 303 2064 particeps
324 2002 429 2052 evaderet.
463 2008 589 2050 Eiectcrum
608 2006 717 2059 numerus,
732 2003 873 2062 reproborum
890 2014 928 2041 ra-

10 2087 68 2128 tione
83 2075 164 2139 habita,
180 2095 212 2129 est
230 2089 327 2144 exiguus,
346 2077 367 2131 si
381 2088 407 2131 ab
423 2089 463 2132 huc
480 2090 641 2145 comparatione
656 2083 787 2139 discesseris,
802 2086 926 2127 innumerass

9 2165 64 2208 bilis.
100 2166 144 2220 Qui
161 2166 188 2207 ad
203 2152 262 2208 bunc
277 2182 390 2210 numerum
405 2170 525 2224 pertinent,
544 2167 646 2209 ecciesiae
663 2165 790 2209 christianae
804 2165 854 2207 sccii
869 2168 925 2203 sunt.

23 2258 25 2261 ’
72 2246 111 2299 „Si
131 2253 243 2302 parentem
260 2248 352 2302 primurn
369 2248 426 2289 nulia
444 2250 527 2304 peccati
545 2248 638 2303 putredo
655 2252 814 2303 corrumperet,
838 2258 924 2300 nequa-

8 2340 72 2383 quam
88 2340 116 2368 ex
132 2341 155 2368 se
169 2325 223 2369 filios
237 2326 348 2382 gehennae
364 2336 486 2384 generarem
517 2330 555 2370 sed
570 2329 605 2381 hi,
624 2328 660 2384 qui
676 2340 733 2369 nunc
745 2340 788 2383 per
805 2327 924 2369 redemtio·

8 2403 58 2453 nem
73 2407 168 2452 salvandi
184 2416 240 2461 sunt,
255 2409 293 2450 soli
310 2408 337 2450 ab
353 2409 389 2451 ilio
400 2409 460 2451 electi
474 2410 636 2453 noscerentur.“
659 2391 726 2452 Mor.
741 2408 777 2452 lV.
794 2409 829 2451 es.
860 2408 924 2462 „Fu-

7 2491 70 2532 turae
86 2488 231 2532 retributionis
250 2488 402 2531 beatitudinem
417 2490 554 2547 priusquam
570 2505 617 2547 per·
635 2504 717 2547 corpus
734 2491 782 2547 ipsa
798 2477 924 2534 innotesce·

7 2576 43 2611 ret
57 2568 194 2628 (Dominus),
216 2571 237 2611 in
255 2581 371 2626 paucorum
388 2567 496 2612 intellectu
514 2572 626 2615 continuit.
656 2571 730 2626 Quum
746 2585 798 2616 vero
815 2570 925 2614 humanae

6 2649 122 2694 nativitatis
144 2651 227 2694 infirma
249 2651 350 2716 suscepit,
373 2656 474 2692 venturae
497 2640 600 2694 olaritstis
620 2652 717 2696 notitiam
738 2654 760 2696 iu
780 2652 922 2711 multitudiuis

5 2732 133 2775 innumerae
150 2746 223 2776 amore
243 2732 342 2780 dilatarit.
373 2731 415 2779 Sed
432 2745 498 2793 quum
515 2731 582 2791 dirici
602 2734 673 2796 operis
689 2717 817 2798 mysterium
834 2735 863 2779 sic
879 2734 920 2775 mt-
