1999 2998
489 115 518 163 51

440 172 569 184 Μ

104 238 180 292 „Duas
197 239 224 284 ad
240 232 404 296 intelligendum
419 252 442 281 se
458 245 567 283 creaturas
588 234 664 296 (Dens)
681 234 777 291 fecerat,
801 236 918 292 angelicam
933 241 966 281 vi-

44 320 127 377 delicet,
145 330 167 367 et
183 323 306 365 humanam.
342 322 462 379 Utramque
478 335 530 366 vero
546 319 647 377 superbia
663 321 770 377 perculit,
786 325 861 376 ‘atquc
878 335 890 362 a
909 328 965 365 stetu

40 404 148 460 ingenitae
166 404 301 448 rectitudinis
323 402 395 459 fregit.
429 403 474 446 Sed
495 416 537 444 una
556 409 642 457 tegmen
661 404 728 445 carnis
746 403 835 455 habuit,
856 402 897 445 alia
913 417 964 446 vero

40 485 92 527 nihil
106 472 218 529 inbrmum
235 486 263 527 de
280 497 345 526 carne
361 483 457 541 gestarit.
493 480 587 538 Angelus
606 496 696 538 namque
713 485 849 528 solummodo
867 486 962 542 spiritus,
990 479 992 481 V

40 567 104 610 horno
118 580 170 611 vero
189 572 211 608 et
226 566 321 621 spiritus
335 573 368 610 est
384 571 405 609 et
422 579 485 608 caru.
516 564 618 607 Misertus
639 577 690 620 ergo
708 566 799 610 Creator
817 574 842 610 ut
865 569 962 611 redime-

41 656 79 703 ret,
96 648 156 690 illam
171 645 198 687 ad
214 658 240 687 se*
254 644 329 689 debuit
344 649 455 700 reducere,
470 660 535 703 quam
550 647 570 687 in
592 647 750 702 perpetratione
765 650 841 705 eulpae
856 663 884 691 ex
898 649 961 691 infir-

40 730 113 773 mitate
132 726 214 784 aliquid
234 733 316 771 constat
336 728 446 784 habuissc3
477 735 500 770 et
516 741 542 769 eo
560 726 623 769 altius
639 725 713 768 debuit
729 736 845 784 apostatam
859 732 961 788 attgelum

41 809 156 865 repellere,
172 822 215 863 quo
230 821 297 863 quum
312 823 324 849 a
341 807 469 864 persistendi
483 806 610 850 fortitudine
625 808 711 860 corruit,
729 809 786 852 nibil
801 809 913 865 infirmum
931 822 964 858 ea*

42 903 113 933 carne
132 888 230 944 gestavit.
262 888 326 931 Unde
346 895 368 931 et
390 895 449 931 recte
468 889 576 946 psalmista
596 902 662 944 quum
679 889 788 932 misertum
806 892 960 940 Rcdemtorem

41 969 164 1013 hominibus
183 969 274 1022 diceret,
298 970 365 1026 ipsam
384 984 470 1027 quoque
490 984 575 1012 causam
594 969 751 1012 misericordiae
769 975 871 1029 expressit
888 976 961 1020 dicens

42 1054 88 1115 (78,
105 1048 161 1109 593:
195 1052 224 1094 Et
239 1058 369 1093 memoratus
383 1058 421 1105 est,
439 1052 490 1109 quie
505 1065 556 1093 caro
572 1057 627 1093 sunt.
659 1049 689 1093 Ac
704 1053 721 1093 si
739 1054 831 1096 diceret:
855 1056 906 1108 Quo
921 1071 961 1098 eo-

40 1149 88 1176 rum
104 1133 191 1175 infirma
207 1133 267 1186 uidit,
284 1146 310 1175 eo
326 1132 420 1174 districte
438 1134 513 1189 culpas
527 1133 604 1189 punire
621 1133 709 1175 notuits‘
741 1133 799 1175 Mor.
816 1134 853 1178 IV.
865 1119 893 1177 γ8.
924 1138 962 1191 „ln

42 1218 107 1260 luteis
122 1213 251 1271 corporibus
267 1214 348 1256 conditi
363 1216 458 1256 sumus.“
489 1215 544 1269 Reg.
560 1220 613 1270 past.
631 1220 692 1268 parte
709 1214 744 1255 lll.
762 1215 849 1256 admon.
865 1218 899 1258 15.

100 1297 219 1351 Imaginem
234 1293 277 1336 Dei
294 1292 376 1335 homini
391 1295 461 1349 primo
480 1300 629 1346 concreatum,
659 1307 721 1349 qnam
739 1309 751 1335 a
767 1294 906 1338 similitudine
922 1298 963 1340 Dei

41 1392 84 1422 non
100 1373 204 1428 distinxit,
223 1375 250 1416 ad
264 1373 416 1416 bonamoralia
425 1374 508 1427 retulit,
523 1382 581 1417 certe
590 1388 652 1416 sensu
665 1375 754 1430 spiritali
768 1376 826 1432 cepit
836 1376 960 1431 Gregorius.

101 1457 134 1501 Ad
148 1457 197 1499 Jobi
210 1456 248 1506 58,
266 1456 300 1496 14.
314 1454 455 1496 Restituetur
471 1460 497 1497 ut
512 1455 583 1497 lutum
599 1455 753 1511 signaculum,
776 1462 799 1498 et
817 1456 885 1499 stabit
903 1441 978 1506 sicut*

42 1541 197 1583 vestimentum
214 1536 269 1577 hacc
282 1534 354 1576 affert:
368 1535 500 1588 „Hominem
517 1536 636 1586 Dominus,
649 1549 712 1591 quem
727 1536 760 1577 ad
777 1550 844 1579 suam
860 1517 963 1581 similitul

42 1621 117 1662 dinem
141 1616 254 1666 condidit,
281 1616 346 1671 quasi
372 1618 486 1672 quoddam
512 1629 570 1658 suae
592 1616 708 1671 potentiae
733 1616 879 1672 signaculum
896 1619 962 1675 seen,

42 1700 107 1756 Quod
125 1706 199 1741 tamen
217 1703 241 1738 ut
254 1695 324 1737 lutum
339 1697 474 1751 restituetur,
495 1697 545 1752 qnia
561 1696 717 1738 lieet'aeterna
733 1697 839 1752 supplicia
854 1712 894 1754 per
909 1713 962 1740 con-

41 1782 160 1828 versionem
176 1776 257 1832 fugiat,
281 1777 302 1817 in
321 1763 401 1817 ultione
420 1784 494 1818 taurea
512 1782 648 1831 perpetratae
668 1774 783 1831 superbiae
801 1779 877 1832 carnis
890 1786 959 1820 morte

8 1899 9 1902 ,
43 1838 161 1907 damnatur·
191 1858 225 1901 Ex
246 1857 292 1899 luto
310 1855 467 1912 quippehomo
483 1856 588 1909 conditus,
607 1856 720 1899 etmentic
734 1863 846 1915 acceptae
862 1859 959 1910 ratione,

43 1941 188 1988 similitudine
203 1939 298 1981 ‘diuinae
319 1938 425 1996 imaginis
446 1937 582 1988 decoratus,
607 1936 698 1979 elatione
718 1938 789 1981 cordis
809 1939 960 1992 intumescens,

42 2026 100 2082 quod
116 2024 144 2066 de
157 2020 238 2064 intimis
255 2017 360 2061 formatus
371 2025 432 2071 esset,
451 2018 531 2060 oblitus
548 2024 586 2061 est.
620 2017 684 2060 Unde
699 2017 753 2062 mira
769 2019 885 2063 conditoris
898 2021 959 2075 justi*

42 2104 156 2149 attactum
173 2108 213 2155 est,
231 2108 256 2143 ut
272 2101 321 2156 quia
337 2114 375 2156 per
390 2114 480 2143 seersum
494 2099 603 2151 intumuit,
619 2113 682 2155 quem
697 2102 856 2146 rationabilem
870 2103 957 2157 accepit,

43 2198 114 2229 rursus
131 2189 191 2225 terra
204 2193 245 2236 per
260 2186 351 2221 mortem
364 2180 437 2233 tieret,
458 2193 524 2235 quarn
541 2193 588 2220 esse
603 2192 627 2221 se
640 2182 775 2225 considerare
793 2182 901 2225 humiliter
916 2196 957 2223 no-

43 2268 91 2311 luit:
113 2270 135 2306 ct
154 2262 206 2318 quia
224 2260 333 2317 peccando
352 2259 397 2303 Dei
415 2259 584 2303 similitudinem
604 2260 708 2315 perdidit,
730 2261 843 2303 moriendo
861 2276 911 2305 uero
929 2263 957 2304 ad

43 2348 87 2391 limi
100 2345 132 2387 sui
150 2342 264 2385 materiam
278 2341 341 2393 redit,
353 2348 411 2383 recte
428 2341 516 2383 dicitur:
533 2340 667 2386 Restituetur
683 2348 706 2383 ut
719 2342 789 2386 lutum
803 2341 956 2396 signaculorum

44 2430 99 2473 lllon
113 2423 195 2469 XXIX,
212 2436 248 2466 21.
276 2421 318 2464 Hic
334 2422 450 2466 similitudo
467 2423 511 2466 Dei
528 2423 551 2464 in
570 2423 650 2467 mentis
669 2429 763 2481 acceptu
783 2424 870 2465 ratione
884 2420 957 2478 'poni-

43 2520 85 2555 tur.
102 2529 129 2541 -·
159 2504 193 2547 Ad
216 2504 296 2558 tReg.
314 2516 339 2554 2,
356 2502 392 2543 56.
413 2505 440 2544 de
460 2505 556 2558 imagine
572 2504 614 2548 Dei
634 2505 664 2546 ita
682 2505 783 2561 disputat:
811 2503 850 2555 „ln
868 2516 959 2546 nummo

45 2595 120 2648 imago
137 2586 180 2631 Dei
197 2586 312 2641 sculpitur,
327 2590 350 2627 ut
368 2583 411 2638 ejus
428 2597 473 2627 esse
489 2592 640 2640 cognoscatur,
660 2599 729 2642 aquo
743 2582 833 2626 formari
848 2586 959 2642 praecipi-

44 2679 85 2714 tur.
114 2671 221 2713 Nummus
237 2667 309 2722 itaque
330 2666 383 2718 Dei,
401 2667 522 2708 similitudo
545 2667 590 2721 ejus
609 2665 716 2721 accipitur.
744 2665 812 2707 Unde
834 2666 857 2707 in
879 2667 958 2709 Genesi

45 2755 74 2810 (1,
92 2752 131 2810 ab)
148 2750 252 2806 loquitur,
266 2750 347 2791 dicens:
374 2747 486 2791 Faciamus
505 2746 615 2789 leunsinem
631 2747 658 2789 ad
675 2746 793 2803 imaginem
815 2754 837 2791 et
857 2748 956 2790 similitu-

686 2827 710 2871 H
