1999 2998
476 131 508 176 dl.

23 258 136 296 nocturno.
168 252 243 309 Quum
260 250 377 295 multorum
394 251 516 296 sanctorum
531 252 553 294 in
566 248 637 294 Gallia
648 246 737 306 Belgica
754 245 881 301 celebrium,
899 259 952 304 eg.

21 333 116 388 vedasti,
133 335 234 379 Medardi
253 332 324 377 officia
339 334 507 392 complectetur,
523 334 631 384 codicem,
652 345 717 389 quem
734 329 873 375 Benedictini
887 330 951 386 primi

21 413 157 470 ediderunt,'
173 418 200 458 ed
216 416 342 459 Gallicanae
354 416 468 470 cujusdam
484 414 588 456 ecclesiae
606 413 761 468 supellectilem
779 425 863 455 sacrum
879 412 951 469 perti-

21 499 100 551 nuisse,
117 498 229 555 probabile
245 497 275 539 fit.
307 495 355 539 Alia
373 509 425 538 vero
445 495 544 537 ordinem
560 495 681 536 Romanum
697 494 803 537 redolent¹
832 494 951 549 Quamob-

20 592 67 622 rem
84 586 180 625 veterem
196 576 259 619 officii
276 577 341 620 divini
360 576 484 619 celebrandi
503 577 569 618 ritum
587 576 609 617 in
625 575 713 617 ecelesia
728 576 828 618 Romana
843 575 949 620 observa-

19 667 79 713 tum,
105 673 133 702 ex
149 658 246 715 priorum
265 656 403 716 pontificum⁷
426 658 521 701 maxime
537 672 589 702 vero
607 670 635 698 ex
652 657 673 699 G
693 656 792 713 Gregorii
813 658 949 715 praescripto

19 742 55 785 hic
64 740 178 802 exhiberi,
194 741 330 784 Benedictini
344 739 467 796 conjectured
480 739 587 797 probabili
601 738 783 781 existimaverunt.
814 738 949 784 conferetur

19 821 128 880 praefatio
148 822 340 863 Benedictinorum
366 822 393 862 ad
417 822 475 863 hunc
499 821 586 864 librum.
622 820 706 875 Adiecti
729 826 778 862 sunt
797 819 873 876 hymni
897 828 948 866 octo

20 902 85 955 (nom
103 914 189 953 novem,
204 907 228 943 ut
242 899 347 949 Antonius
362 902 385 945 in
401 901 457 945 libro
470 902 513 960 jam
530 902 618 946 laudato
634 917 655 960 p.
668 901 717 950 142.
733 899 833 962 affirmat)
855 918 867 946 a
885 904 946 947 Gre-

19 983 81 1039 gorio
100 981 218 1040 compositi.
236 978 265 1040 l¹³)
509 1026 510 1029 ,

445 1062 465 1125 §-
484 1070 521 1113 11.

85 1146 115 1191 In
132 1143 214 1188 librum
226 1146 328 1202 primum
347 1144 454 1203 Regum,
477 1149 516 1205 qui
533 1152 554 1190 et
569 1145 684 1190 Samuelis
700 1147 798 1199 dicitur,
826 1145 948 1190 variarum

20 1229 184 1286 expositionum
208 1226 262 1270 libri
289 1227 330 1270 VI.
371 1227 498 1283 Explicatur
518 1229 601 1285 primus
619 1226 725 1270 Samuelis
748 1226 805 1269 liber
826 1240 895 1283 usque
921 1230 949 1271 ad

19 1309 143 1360 unctionem
161 1308 252 1351 Davidis
269 1321 315 1365 cap.
335 1306 375 1361 16,
396 1310 432 1350 15.
468 1309 504 1352 De
522 1310 627 1366 scriptore
645 1308 709 1363 hujus
730 1310 879 1351 commentarii
904 1316 949 1353 tres

19 1369 70 1435 sunt
87 1391 212 1433 sententiae.
247 1389 320 1432 Prima
335 1396 374 1442 est,
389 1381 568 1432 commentarium
583 1403 629 1431 esse
647 1388 716 1433 fetum
736 1390 836 1445 Gregorii
850 1389 882 1433 Μ.
904 1391 947 1439 Se÷

19 1473 97 1525 cunda,
112 1470 220 1527 Gregorio
237 1471 267 1514 M.
281 1485 331 1513 eum
347 1484 434 1528 prorsus
451 1485 497 1513 esse
513 1470 686 1526 abjudicandum.
719 1467 886 1527 Tertiasquem
899 1472 946 1515 Be-

19 1553 130 1604 nedictini,
144 1552 199 1593 duce
216 1552 262 1606 ipso
281 1551 390 1608 Gregorio
405 1553 428 1595 in
441 1553 478 1595 lib.
494 1553 542 1596 ΧΗ.
558 1553 619 1609 epist.
629 1552 678 1606 «Α,
695 1552 744 1594 tuiti
758 1558 815 1604 sunt,
833 1566 949 1602 commen-

18 1634 98 1676 tarium
121 1645 149 1673 ex
170 1630 262 1673 homiliis
279 1646 292 1673 a
312 1633 420 1689 Gregorio
439 1634 461 1675 in
481 1632 563 1675 librum
585 1632 679 1689 primum
696 1632 783 1688 Regum
800 1631 880 1675 habitis
901 1633 949 1675 col-

18 1714 99 1760 lectum
118 1719 140 1755 et
153 1714 327 1757 consarcinatum
345 1727 391 1757 esse
407 1729 419 1757 u
438 1714 529 1757 Claudio
546 1714 591 1770 ejus
605 1713 717 1770 discipulo,
734 1720 809 1770 postea
823 1715 947 1758 monasterii

18 1809 174 1827 ...-...--

34 1866 67 1913 16)
84 1866 99 1901 J.
112 1862 147 1900 Ch.
159 1861 180 1897 F.
195 1859 273 1898 Biihrius
286 1860 306 1896 in
320 1860 374 1907 libro,
387 1861 416 1897 oui
429 1861 504 1899 titulum
517 1861 573 1900 fecit:
586 1863 617 1899 die
629 1862 749 1899 christlichen
761 1862 841 1900 Dichter
855 1863 893 1900 und
905 1864 946 1900 Ge-

84 1931 253 1971 echichtschrciber
266 1932 330 1968 Rome.
356 1933 457 1970 Carlsruhe
471 1934 535 1979 1855„
551 1946 570 1982 p.
584 1945 613 1982 79.
629 1933 734 1979 affirmans,
751 1934 772 1969 in
789 1933 871 1970 editione
884 1936 947 1970 Bene-

85 2002 198 2040 dictinorum
211 2001 289 2049 hymnos
303 2003 388 2051 Gregorii
401 2016 439 2040 non
452 2004 551 2050 contineri,
563 2003 644 2051 fellitum
656 2010 728 2040 exstant
737 2003 814 2039 enimin
825 2010 877 2052 purte
886 2006 944 2053 primu

81 2074 139 2111 Tomi
152 2073 185 2109 lll.
198 2084 215 2120 p.
229 2074 265 2121 877
279 2085 329 2120 seqq.
346 2074 389 2110 edit.
401 2075 572 2113 Benedictinorum.
597 2074 671 2113 Parisiis
690 2075 745 2123 1705.
771 2076 859 2113 Ceterum
877 2076 899 2112 dc
915 2076 943 2113 bie

81 2143 156 2191 hymnis
176 2142 222 2178 haec
240 2143 296 2178 habet
315 2143 349 2180 Vir
365 2144 490 2184 clarissimus:
515 2147 594 2194 „Einige
607 2145 706 2182 derselben
723 2146 764 2182 sind
779 2147 805 2181 im
823 2146 942 2194 sapphischcn

81 2215 188 2256 Versmoss,
206 2212 236 2248 die
249 2213 326 2262 meisten
339 2215 359 2249 in
372 2214 492 2263 vierliissigen
503 2217 580 2253 Jcmben
593 2215 696 2263 gedichtet,
713 2215 785 2253 welche
797 2215 899 2263 iibcrhanpt
911 2214 942 2252 liir

80 2285 143 2322 diesen
161 2283 224 2331 Zweig
241 2283 273 2320 der
291 2284 356 2321 Poesie
376 2285 476 2323 bcsonders
493 2287 578 2335 gocignet
595 2284 710 2323 erschienen.
740 2288 769 2322 Im
787 2288 861 2324 Ganzen
877 2286 942 2333 zeigen

83 2356 135 2392 dicae
148 2354 217 2391 Lieder
230 2355 278 2392 riele
292 2355 425 2393 Aehnlichhcit
437 2358 471 2393 mit
483 2359 543 2395 denen
556 2358 588 2394 des
604 2356 725 2402 Ambrosios,
746 2357 827 2405 Sprache
839 2357 876 2393 und
890 2360 942 2394 Aus-

80 2424 205 2464 drucksweise
219 2426 242 2462 ist
254 2438 303 2463 zirac
316 2427 390 2464 minder
401 2428 452 2475 rein,
477 2429 521 2466 uber
538 2428 587 2466 doch
599 2428 666 2464 immer
678 2426 750 2464 einfach
763 2428 799 2463 und
811 2424 904 2463 natiirlich
917 2441 942 2464 zu

80 2507 164 2542 uenirem
191 2495 233 2532 dem
247 2496 309 2532 lnhult
325 2496 372 2534 fehlt
385 2511 404 2534 es
417 2499 471 2536 nicht
483 2512 507 2536 an
520 2500 581 2536 ciuem
594 2500 682 2548 gewissen
695 2498 786 2542 Schwung
800 2495 838 2532 und
851 2509 875 2532 en
889 2498 943 2535 einer

81 2565 210 2607 Erhabenhcit
222 2565 256 2603 der
270 2566 378 2615 Gedanken,
391 2568 422 2604 die
434 2582 468 2606 uns
483 2572 530 2608 eben
544 2583 612 2609 soron
626 2570 667 2606 dem
681 2565 798 2603 christlichen
812 2566 896 2604 Gemiith
910 2569 943 2605 des

82 2640 179 2683 Dichters,
203 2636 239 2675 wie
254 2650 290 2675 von
307 2638 377 2675 aeinenr
391 2640 481 2677 irahrhait
499 2641 606 2689 poetisehen
619 2637 686 2676 'solent
701 2635 803 2684 iiherzeugt
821 2637 861 2674 und
878 2639 943 2676 acinon

79 2709 173 2755 Licdern‚
200 2708 220 2748 in
237 2709 298 2745 denen
314 2707 418 2758 iiberheupt
432 2711 465 2748 der
478 2712 577 2750 Charecter
593 2709 624 2746 des
637 2706 779 2745 Kircheuliedes
792 2708 884 2747 durchcus
898 2709 942 2753 sest«,

79 2777 166 2826 gehalten
179 2779 262 2825 ist,⁷,eine
275 2777 393 2828 vorziigliche
410 2780 468 2819 Stelle
481 2780 501 2818 in
518 2779 552 2818 der
565 2778 684 2818 cluistliclrcrr
698 2778 758 2828 Lyrik
770 2780 877 2820 amiciet-‘f‘

677 2851 698 2902 F
