1999 2998
444 120 445 124 Ἰ
505 63 556 112 45’

321 267 469 328 -ΟΑΡῘῙΤ
505 266 717 325 TERTIUM.

89 377 155 461 lte
170 388 342 475 ntaettts
364 371 566 468 menanti·
578 393 946 471 anthropotontoo‘s.
965 374 966 377 ’

437 551 593 565 Ἣ

485 671 503 733 t.
524 688 542 717 1.

54 744 211 827 placitorum
223 763 469 845 anthropologieorum
482 789 535 819 voce
559 790 587 819 ex
612 775 737 833 theologico
759 776 860 835 loquendi
885 790 926 821 usu
950 791 977 821 ea

55 854 157 914 dogmata
172 842 308 943 signifioari,
328 864 406 918 quae
399 858 428 901 ad
444 852 536 900 bominis
551 864 631 902 statum
649 857 753 902 moralem
773 859 921 940 pertineant,
933 851 977 903 ne-

53 938 135 983 minem
151 935 247 996 fugit
609 944 610 947 ’

48 1070 50 1073 ⁴
117 1019 186 1062 Utin
201 1019 235 1063 his
250 1019 335 1078 placitis
350 1006 483 1077 exponendis
502 1019 578 1063 ordine
594 1014 688 1076 quodam
706 1012 803 1076 utamur,
813 1022 926 1079 primum
943 1027 980 1075 ea,

53 1113 108 1157 quae
118 1084 244 1157 'Gregorius
258 1102 286 1144 de
297 1093 463 1163 'statu'hominis'
475 1099 592 1159 primitivo,
607 1101 691 1145 deinde
705 1117 760 1160 quae
776 1104 804 1146 de
818 1104 881 1158 lapsu
892 1099 977 1154 Adami,

54 1187 173 1239 tumuquae
191 1181 223 1224 de
238 1185 404 1226 statunaturae
420 1190 534 1239 corruptae
549 1197 589 1240 per
605 1189 721 1239 peccatum
736 1182 826 1237 Adami‘,
849 1174 979 1239 praesertim

54 1261 118 1304 liberi
133 1261 227 1306 ho'miuis
243 1263 326 1306 arbitrii
339 1263 423 1306 ratione
436 1263 521 1317 habita,
532 1270 615 1321 postea
629 1260 686 1319 quae
702 1263 730 1305 de
746 1246 815 1318 gratia
832 1262 917 1317 divina,
937 1265 978 1308 de·

54 1344 120 1400 nique
131 1358 187 1400 quae
203 1345 231 1387 de
242 1345 440 1402 praedestinatione
454 1352 476 1389 et
484 1345 624 1388 redemtionis
637 1343 721 1387 ambitu
730 1344 804 1387 docuit
811 1345 936 1402 statuitque,
948 1360 976 1407 ex

54 1413 174 1481 Gregorii'
168 1426 234 1483 ipsius
246 1427 330 1482 seriptis
344 1428 462 1483 legentium
470 1426 537 1472 oeulis
544 1426 690 1483 subnotemus
711 1425 770 1469 Tum
781 1426 846 1469 etiam
854 1422 975 1483 apparebit,

53 1518 106 1548 num
121 1506 137 1547 ii
143 1513 213 1549 recte
229 1507 382 1564 judicaverint,
402 1509 438 1566 qui
454 1507 585 1564 Gregorium
603 1507 693 1562 eadem,
712 1520 769 1565 quae
786 1496 929 1595 Augustinus,
948 1507 980 1550 de'

52 1593 143 1643 peceato
158 1588 284 1647 originali,
294 1590 371 1678 gratia
379 1592 420 1635 eet.
436 1590 527 1633 sensisse
542 1586 667 1647 perhibent
979 1579 980 1582 ¹

449 1785 451 1789 ,
484 1727 541 1786 ta

263 1804 288 1858 I.
320 1805 367 1859 De
393 1812 474 1860 stota.
489 1806 597 1871 bominis
617 1803 760 1874 primitivo.
818 1835 819 1838 =

119 1914 208 1958 Homini
224 1915 247 1959 in
259 1924 316 1961 statu
329 1921 438 1977 primitivo
454 1919 517 1977 plura
531 1917 594 1972 bona,
611 1918 668 1973 quae
682 1901 745 1973 lapsu
757 1914 885 1973 perdiderit,
898 1914 977 1972 partini

53 1996 153 2053 physica,
184 1999 262 2055 partim
282 2000 310 2042 ad
329 2001 462 2046 intellectum
484 1999 625 2060 pertinentia,
654 1998 736 2059 partim
760 1984 851 2041 moralia
868 1996 977 2066 tribuebat

54 2076 180 2133 Gregorius
259 2075 262 2080 ’

119 2156 145 2200 Α.
179 2156 213 2201 Ad
233 2159 289 2203 bona
308 2163 398 2220 physion
414 2163 527 2206 referebat
548 2160 643 2219 corporis
659 2159 850 2204 immortalitatem
881 2158 976 2244 Adamas

53 2252 97 2282 non
111 2241 229 2284 moriturus
245 2237 330 2296 fuisset,
362 2244 402 2286 nisi
419 2231 534 2301 peccasset.

119 2319 167 2374 „Ad
188 2322 271 2366 hocin
291 2324 390 2380 paradiso
406 2325 471 2368 horno
489 2327 570 2382 positus
589 2306 677 2378 fuerat,
652 2329 722 2366 tut
739 2322 756 2365 si
775 2336 798 2364 se
816 2320 843 2364 ad
860 2319 978 2363 conditoris

55 2403 87 2444 sui
102 2401 247 2446 obedientiam
264 2406 354 2449 vinculis
372 2407 465 2450 caritatis
485 2408 639 2464 adstringeret,
668 2404 696 2446 ad
711 2403 832 2447 caelestem
850 2384 980 2477 angelorum

55 2478 148 2540 patriam
165 2486 294 2542 quandoque
310 2487 356 2528 sine
373 2488 442 2528 carnis
456 2491 526 2531 morte
546 2489 652 2548 transiret
688 2486 727 2529 sio
745 2499 840 2553 nonique
861 2482 982 2528 immorta-

47 2566 86 2625 ¹lis
102 2573 136 2610 est
151 2568 262 2626 conditus,
280 2573 305 2609 nt
322 2574 398 2611 tamen
415 2568 436 2610 si
450 2577 568 2623 peccamen
584 2575 606 2612 et
621 2568 681 2611 mori
691 2565 783 2623 pomeri
805 2573 828 2609 et
845 2568 879 2610 sie
895 2563 983 2611 mortn-

57 2647 86 2688 lis
105 2655 139 2691 eet
157 2651 275 2703 eonditor,
294 2656 319 2693 nt
336 2666 355 2693 ez
369 2665 413 2692 non
425 2657 549 2704 peccaret,
570 2651 638 2693 etiam
657 2661 702 2690 non
721 2642 983 2705 moripeese13atque

51 2712 87 2769 'en
106 2729 184 2772 merito
204 2731 269 2774 liberi
287 2731 369 2775 arbitrii
389 2731 543 2774 beatitudinem
563 2713 619 2773 illius
637 2714 925 2789 regionis'attingeret,‘in
943 2740 984 2783 qua

571 2811 622 2853 Gn
