1999 2998
442 56 530 107 spor

454 108 588 122 ...ι-α’

55 175 143 233 videet,
172 177 206 223 rel
225 176 253 219 ad
272 173 376 219 timorem
395 172 525 232 flagellando
545 181 665 231 restauret,
693 170 809 236 repentino
830 175 987 237 lapsu-‘mensi

57 256 153 301 funditus
168 261 212 298 tota
226 256 352 312 destruitur,
369 272 424 314 quae
438 257 502 314 longo
517 259 601 303 virtutis
614 258 687 301 studio
701 259 801 304 innovata
815 261 935 304 ridebatur.
951 285 981 294 -

56 339 181 382 Humanum
195 338 294 395 spiritum
310 338 401 383 visitatio
415 353 508 397 superna
522 341 623 393 custodit,
642 320 780 397 quumlrunc
794 342 912 386 virtutibus
923 341 982 384 ‹lita-¹

56 425 114 472 tum,
135 417 170 462 vel
187 417 272 475 flagello
288 426 414 477 percutere,
434 422 468 467 rel
484 435 632 478 compungere
650 435 724 465 amore
738 436 782 464 non
799 422 894 466 desierit.
924 423 982 466 Nam

56 498 74 540 si
91 498 148 541 dona
164 507 265 557 praestat,
282 502 321 546 ced
337 502 395 547 hunc
409 503 514 546 continue
525 503 667 546 restaurando
683 517 730 546 non
741 502 846 556 sublevat,
860 504 924 547 citius
937 502 982 545 =bo-‘

58 592 111 622 uum
124 580 230 636 perditur,
244 585 303 640 qnod
318 598 361 627 uon
377 601 389 628 a
407 585 511 641 largiente
525 585 668 628 custodirent
698 580 754 628 Mor.
769 585 806 627 lX.
822 587 858 628 81.
893 584 982 639 „sancti

57 661 186 708 ririsciunt
205 671 254 720 post
269 666 333 722 primi
352 667 444 723 parentis
460 666 555 722 lapsum,
580 666 608 708 de
624 665 758 722 corruptibili
776 666 843 721 stirpe
859 681 883 709 sc
905 666 981 719 editos,

58 746 81 783 et
97 754 140 783 nou
158 744 237 801 virtute
252 747 352 804 propria,
379 748 416 790 sed
433 748 587 805 praeveniente
603 761 697 803 superna
714 748 782 803 gratia
803 748 830 788 ad
849 746 938 789 meliora
957 758 982 787 se

58 827 109 864 vcta
125 822 161 871 vel
175 838 241 881 opera
258 834 407 871 commutatos:
431 835 453 871 et
467 830 573 886 quidquid
588 829 629 870 sibi
646 828 696 870 mali
711 815 781 870 inesse
796 834 938 883 cognoscunt,
953 826 982 868 de

58 903 145 945 mortali
162 908 279 962 propagine
294 911 389 953 sentiunt
402 911 514 953 caeritum:
528 909 632 966 quidquid
650 921 701 951 vero
717 908 739 948 in
755 921 779 947 se
792 907 844 947 boni
859 906 982 962 inspiciunt,

57 982 186 1027 immortalis
203 988 286 1040 gratiae
302 975 433 1045 cognoscunt
449 992 540 1042 donum,
560 992 623 1044 eique
638 982 665 1030 de
681 980 770 1042 accepto
787 999 878 1027 munere
894 985 982 1028 debito-

59 1063 169 1119 restant,
189 1068 225 1123 qni
241 1074 264 1110 et
280 1070 439 1124 praeveniendo
456 1071 516 1111 dedit
531 1070 563 1110 eis
576 1068 656 1126 bonum
673 1066 730 1111 velle
745 1066 803 1122 quod
818 1066 941 1117 noluerunt,
959 1069 982 1106 et

61 1136 216 1203 subsequendo
230 1150 333 1191 concessit
349 1149 428 1191 bonum
445 1163 507 1206 posse
525 1150 583 1205 quod
598 1150 687 1192 voluit.“
716 1147 786 1190 XXll.
803 1151 840 1194 2ο.
866 1144 914 1201 „Ad
922 1145 981 1186 'bona

61 1238 173 1282 assurgere
189 1225 285 1283 perlecta
300 1238 471 1284 nonpossumus,
486 1231 526 1272 nisi
539 1243 578 1272 nos
592 1223 680 1285 spiritus
694 1235 716 1271 et
730 1228 889 1283 praeveniendo
903 1227 980 1280 elevet,

59 1313 82 1348 et
99 1305 255 1362 subsequendo
273 1307 387 1352 confortet.
405 1333 435 1342 -
451 1311 512 1354 Haeo
528 1323 604 1351 manns
621 1309 734 1363 (unigeniti
748 1308 816 1361 Filii),
832 1322 887 1362 quae
898 1307 981 1350 electu·

58 1399 108 1429 rum
125 1399 213 1429 suorum
227 1389 293 1431 corda
306 1387 426 1443 confortat,
445 1390 555 1446 discipulis
570 1389 668 1432 dicebat:
703 1373 755 1432 Sine
771 1402 807 1429 me
822 1388 876 1429 nihil
893 1387 982 1443 potestis

57 1465 138 1510 facere.
166 1468 191 1511 ln
206 1483 274 1512 omne¹
287 1477 339 1526 ergo
353 1470 559 1526 quodccogitamus,
580 1471 610 1513 in
624 1484 688 1512 omne
704 1469 762 1526 quod
782 1470 876 1524 agimus,
895 1479 982 1523 semper

60 1550 166 1591 orandum
183 1555 267 1601 est‚-ut
284 1556 306 1609 et
319 1550 365 1604 ipso
375 1551 487 1606 vaspirante
505 1554 638 1607 cogitemus,
657 1551 743 1606 etipmo
760 1542 886 1602 adjuvante
899 1549 981 1604 fucia-

61 1633 131 1673 nruo.“
158 1630 182 1670 ln
197 1618 276 1670 E'zech.
291 1628 328 1669 lib.
339 1629 354 1669 l.
368 1628 426 1672 hom.
434 1630 462 1672 X.
477 1629 498 1688 §-
511 1633 548 1678 45.
576 1632 657 1686 „Opus
672 1629 700 1671 ex
716 1631 773 1670 dono
785 1636 823 1681 est,
840 1642 888 1669 non
899 1628 981 1670 donum

59 1722 86 1750 ex
104 1716 180 1764 operc3
196 1706 290 1763 alioquin
307 1709 374 1762 gratia
390 1709 434 1763 jam
451 1724 494 1752 non
509 1717 541 1751 est
556 1712 631 1765 gratia.
665 1709 737 1751 Omne
755 1708 834 1764 quippe
852 1723 906 1765 opus
924 1710 981 1751 dona

57 1778 210 1847 praereniu'nt,
225 1788 321 1845 quamvis
333 1802 363 1832 ecc
371 1789 514 1848 subsequenti
526 1792 655 1848 opereipsa
668 1786 732 1831 etiam
749 1789 804 1831 dona
820 1791 981 1831 succrescunt.“

58 1870 157 1925 Dialogg.
176 1869 214 1912 lib.
227 1882 246 1910 c.
256 1869 277 1911 4.
293 1870 401 1922 „Domine
417 1879 499 1914 sancte:
523 1872 589 1927 Cujus
605 1885 645 1913 nos
663 1871 809 1912 misericordia
828 1868 940 1926 praevenit
958 1875 981 1910 ut

60 1951 117 1992 bene
132 1958 230 2004 agamus;
244 1949 395 2006 subsequitur,
409 1966 437 1992 nc
453 1950 532 1995 frustra
547 1966 647 2008 agamu53
662 1950 760 1998 accendit
777 1950 925 2002 intentionem,
939 1962 981 2004 qua

59 2021 87 2073 acl
103 2029 159 2072 bona
177 2043 243 2086 opera
259 2032 382 2087 peragenda
399 2033 569 2087 inardescamus5
600 2032 678 2074 tribuit
694 2027 840 2086 efficaciam,
858 2044 904 2087 qua
922 2029 981 2073 haec

58 2113 92 2155 ad
107 2112 239 2169 perfectum
254 2114 386 2169 perducere
401 2114 543 2156 calcaneosf‘
574 2112 624 2155 Lib.
637 2116 763 2170 sacrament.
783 2111 855 2166 prima·
872 2118 934 2167 parte
952 2111 980 2154 Τ.

58 2192 94 2235 ΙΙΙ.
112 2192 170 2248 Opp.
184 2195 256 2250 p..59.
273 2193 379 2250 „Largire
396 2193 469 2246 nobis,
490 2193 597 2246 Domine,
619 2204 762 2249 quaesumus,
782 2204 868 2247 semper
881 2192 980 2248 spiritum

58 2274 166 2329 cogitandi
183 2288 238 2329 quae
253 2282 312 2319 recta
327 2282 384 2327 sunt,
399 2276 504 2330 propitius
520 2280 542 2316 et
560 2275 660 2330 agendi,
679 2279 703 2314 ut
719 2272 755 2327 qui
771 2272 816 2313 sine
836 2278 857 2313 tc
871 2286 919 2315 esse
938 2287 980 2315 non

58 2362 182 2411 possumus,
204 2355 328 2397 secundum
345 2360 371 2396 te
392 2356 470 2395 vicere
487 2356 630 2394 valcamus.“
647 2367 667 2407 p.
685 2352 734 2393 124.
767 2354 839 2407 „Quia
859 2356 928 2397 minus
948 2359 981 2394 est

58 2427 117 2477 recte
132 2434 260 2489 intelligere,
276 2435 317 2476 nisi
333 2434 417 2476 studeat
431 2434 478 2489 quis
492 2440 551 2475 recte
567 2432 675 2475 intellecta
686 2447 775 2474 anorum
793 2434 904 2476 honestate
919 2442 980 2475 conr-

59 2516 124 2569 plcre,
144 2516 268 2571 adjungitur
285 2510 373 2573 (Psalm.
390 2516 426 2568 52,
442 2513 478 2574 8):
506 2514 534 2556 nt
552 2516 663 2556 instruam
684 2521 712 2558 tc.
739 2516 793 2558 Non
815 2523 836 2556 te
857 2516 978 2569 permittam

59 2594 203 2651 perfunctorie
215 2597 334 2646 'voluntatis
350 2610 412 2639 meae
428 2612 503 2639 arcana
522 2608 662 2651 cognoscere5
692 2595 729 2636 sed
745 2601 767 2637 et
785 2594 828 2635 ltoc
844 2595 884 2637 titt
901 2598 980 2653 consc2

59 2688 120 2726 ram,
135 2682 159 2716 ct
173 2680 239 2720 etiam
254 2677 332 2720 bonum
354 2679 414 2735 quod
429 2679 570 2720 intellexeris
576 2708 584 2730 ,
595 2689 717 2734 peragas,
734 2681 755 2718 et
771 2674 862 2731 qualiter
876 2677 898 2720 id
912 2691 978 2734 agent
