1999 2998
461 88 587 150 Aa„

66 211 166 270 quidem,
186 215 250 267 prout
263 200 441 264 potuerit‚'Deo,
454 203 579 268 adjuvante,
596 202 623 245 ad
640 203 811 246 convertendum
829 208 944 262 accendat,
964 216 986 252 et

67 295 95 337 de
110 293 153 337 suis
167 291 213 334 illos
228 282 394 330 solemnitatibus
410 273 525 341 inquietari
544 276 615 326 denuo
636 297 678 325 non
701 285 822 341 permittat:
854 287 893 327 sed
912 303 987 332 ornnes

67 366 327 423 festivitates7=feriasque
342 378 402 419 suas,
418 367 473 409 sicut
492 366 596 408 haetenus
613 371 657 407 tarn
673 366 725 423 ipsi,
745 380 811 422 quarn
830 373 929 423 parentes
947 385 987 410 eo*

63 454 113 499 >ram
131 449 251 507 perlonga
264 437 364 489 'colentes
384 454 442 491 retro
459 455 556 505 tempora
574 454 703 502 tenuerunt,
720 446 811 489 liberam
830 448 925 491 habeant
944 451 987 492 ob-

66 530 164 601 serpandi
180 528 346 584 celebrandique
360 529 490 573 licentiam.“
526 521 671 571 Con-ferantur
690 543 745 586 quae
762 529 880 585 Gregorius
891 549 893 570 ς
903 531 931 571 de'
946 533 987 572 Ju-

65 601 124 659 dariis
140 614 161 654 iu
175 611 222 663 his,
252 625 308 667 quae
325 611 376 668 ipsis
392 625 491 653 concessa
509 611 563 664 sint,
592 624 635 651 non
653 610 766 653 turbandis
778 611 816 654 lib.
827 611 862 655 lV.
878 612 938 668 epist.
950 626 986 654 21.

65 696 102 738 lib.
119 693 171 737 Vlll.
188 692 250 750 epist.
261 695 296 735 25.
311 691 347 733 lib.
358 692 395 735 lX.
413 688 460 749 epp.
475 692 495 733 6.
509 697 530 732 et
541 693 575 734 55.
592 679 734 748 praescripsit.
748 714 778 724 -
813 693 836 735 Si
854 707 906 737 vero
922 708 986 745 man-

65 764 182 817 suetudine
194 775 273 830 corrigi
295 788 337 817 non
356 779 453 831 possent,
472 772 605 828 gravioribus
621 772 756 816 adminiculis
773 773 904 817 'adhibendis
925 777 986 817 chri-

64 857 144 897 stianae
160 855 260 916 religioni
277 870 313 898 eos
328 869 443 912 propensos
460 855 521 896 reddi
537 854 617 896 debere
632 855 738 897 censebat.
766 856 846 907 Notatu
863 857 986 912 dignissima

64 945 123 990 sunt,
141 952 196 994 quae
215 938 299 980 dehac
316 951 340 979 re
359 937 468 993 Cypriane
483 935 585 988 diacono,
613 940 634 976 et
653 937 733 978 rectori
756 937 879 991 patrimonii
900 940 986 981 Siciliae

66 1019 102 1060 lib.
113 1018 139 1061 V.
153 1019 212 1075 epist.
223 1020 243 1061 8.
261 1019 351 1074 scripsit.
380 1017 496 1071 „Pervenit
511 1018 539 1078 ad
556 1031 591 1058 me
608 1031 654 1060 esse
671 1016 784 1058 Hebraeos
803 1016 826 1057 in
846 1019 985 1072 possessioni·

68 1101 108 1142 bus
125 1102 211 1152 nostris,
230 1102 280 1157 ·qui
300 1100 395 1144 converti
416 1100 442 1141 ad
462 1099 533 1140 Deum
557 1100 687 1141 rrallateuus
714 1098 796 1141 volitari.
835 1099 878 1140 Sed
899 1098 985 1141 videtur

68 1182 122 1223 mihi
138 1189 162 1224 ut
176 1195 214 1238 per
229 1196 303 1224 ornnes
317 1181 470 1238 possessiones,
488 1181 509 1222 in
527 1179 604 1236 quibus
620 1180 659 1235 ipsi
680 1178 778 1222 Hebraei
796 1194 843 1222 esse
860 1188 985 1233 noscuntur,

68 1263 167 1320 epistolas
181 1264 325 1306 transmittere
339 1263 428 1318 debeas3
440 1262 477 1303 eis
495 1275 573 1302 exme
586 1260 708 1317 specialiter
717 1264 851 1317 promittens,
865 1263 922 1317 quod
934 1265 985 1318 qui—

67 1359 152 1399 cunque
168 1346 195 1386 ad
212 1344 418 1386 veraniDominur'n
432 1344 504 1385 Deum
521 1349 616 1384 nostrum
632 1342 703 1383 Jesum
715 1342 823 1385 Christum
840 1358 868 1385 ex
883 1344 914 1384 eis
930 1359 984 1388 cone

67 1438 138 1467 versus
158 1422 234 1477 fuerit,
256 1413 324 1467 onas
337 1425 492 1480 'possessionis
514 1421 565 1476 ejas
586 1436 615 1464 ea·
640 1423 718 1478 aliqua
736 1430 808 1480 porte
833 1421 983 1468 irnminuetur.

68 1507 132 1560 Quod
147 1507 177 1547 ita
192 1520 276 1562 quoque
292 1504 338 1546 heri
353 1505 412 1557 voro,
433 1511 457 1547 ut
471 1506 488 1545 si
505 1504 552 1560 quis
566 1516 593 1545 ex
609 1504 639 1544 eis
654 1517 768 1548 ceraversus
785 1504 867 1558 fuerit,
884 1507 905 1547 si
918 1507 986 1548 solidi

64 1579 196 1643 provisionem
211 1586 287 1638 babet,
303 1586 413 1628 tremissis
427 1583 448 1640 l)
465 1585 487 1626 ei
500 1586 606 1626 relaxari
616 1584 697 1627 debeat
701 1601 709 1633 ς
725 1587 746 1627 si
762 1592 810 1628 tros
825 1588 864 1629 vel
878 1593 983 1643 qraataor,

68 1682 127 1710 reatris
144 1669 368 1710 saltuosa-elaeatae
399 1665 490 1721 Siquid
509 1665 611 1720 amplius,
637 1666 680 1720 jam
702 1667 762 1722 juxta
780 1654 879 1709 eumdem
894 1669 982 1709 modurn

66 1748 132 1790 debet
147 1749 250 1790 relaxatio
266 1748 319 1800 fieri,
336 1748 368 1789 vel
386 1752 444 1787 certe
457 1745 517 1801 juxta
532 1747 589 1801 quod
604 1746 699 1789 Dilectio
715 1754 751 1789 tna
769 1750 889 1804 praevidet:
920 1757 944 1792 ut
961 1757 983 1792 et

66 1829 97 1880 ei,
122 1829 158 1884 qui
175 1830 318 1883 corrnertitur,
346 1841 398 1869 onus
415 1826 533 1878 relevetur,
562 1834 583 1870 et
604 1826 746 1869 ecclesiastiea
768 1830 847 1872 utilitas
864 1844 907 1872 non
924 1831 983 1884 gravi

65 1910 177 1965 dispendio
193 1917 308 1965 prematur.
341 1909 387 1951 Nee
402 1908 443 1949 hoo
457 1907 561 1950 inutiliter
576 1907 677 1961 facimus,
696 1909 713 1949 si
731 1923 770 1963 pro
786 1910 882 1952 levandis
895 1912 984 1966 pensio-

64 2004 117 2032 mun
134 1990 245 2043 oneribus,
267 2004 303 2032 eos
319 1990 346 2031 ad
361 1988 439 2030 Christi
458 1989 562 2041 gratiam“
577 1985 600 2045 (i.
618 2005 636 2031 e.
654 1987 803 2048 baptismum)-
814 1972 982 2046 „perducamus:

63 2074 116 2126 quia
130 2072 169 2113 etsi
182 2072 222 2127 ipsi
239 2073 308 2113 minus
324 2069 415 2111 fideliter
431 2069 529 2122 veniunt,
557 2070 579 2112 hi
595 2077 667 2113 tamen
684 2070 720 2127 qui
737 2071 765 2111 de
780 2071 810 2112 eis
829 2072 873 2112 nati
893 2069 981 2124 fuerint,

61 2153 102 2205 jam
121 2151 205 2193 fidelius
223 2153 363 2210 baptizantur.
388 2150 431 2192 Aut
446 2150 501 2206 ipsos
517 2164 575 2205 ergo,
591 2159 629 2194 aut
647 2165 721 2193 eorum
738 2150 792 2193 filios
808 2152 924 2194 lucramur.
953 2153 982 2195 Et

61 2226 110 2275 ideo
118 2240 160 2276 non
172 2242 204 2276 est
215 2248 287 2289 grave,
307 2233 411 2290 quidquid
427 2233 454 2273 de
468 2233 571 2288 pensione
585 2248 624 2290 pro
638 2232 723 2275 Christo
739 2233 892 2275 dirnittirnus.“
919 2233 980 2275 Haeo

62 2315 151 2357 ludaeos
173 2317 201 2357 ad
219 2316 284 2358 fidem
303 2316 439 2356 christianam
457 2313 564 2354 alliciendi
584 2314 651 2364 ratio,
682 2326 738 2368 quae
754 2313 814 2355 illam
832 2313 980 2357 Thessalicam

64 2395 224 2454 aribardyapr
239 2399 261 2439 in
277 2397 404 2438 memoriam
421 2400 517 2446 revocat,
533 2399 592 2434 tanto
610 2393 654 2436 viro
671 2395 778 2437 nonsatis
797 2396 860 2452 digna
878 2411 925 2438 esse
944 2385 979 2439 vi-

65 2474 129 2518 detur.
163 2481 217 2522 Earn
238 2480 303 2525 etiam
325 2477 370 2519 aliis
391 2475 442 2518 locis
463 2489 481 2516 e.
495 2488 514 2529 g.
534 2473 570 2516 lib.
583 2475 608 2516 ll.
631 2475 690 2531 epist.
702 2476 738 2519 52.
759 2478 902 2519 commendat.
933 2476 979 2517 Irno

65 2550 213 2569 ·-——-..

82 2584 110 2634 Ἰ7)
126 2582 237 2634 Trenrirsis,
253 2592 303 2640 ertjns'
316 2584 418 2626 identidem
432 2585 544 2622 mentionem
561 2586 631 2623 faciunt
643 2587 699 2622 medii
712 2600 732 2623 ac
741 2587 835 2623 inferioris
847 2586 887 2623 aevi
897 2587 978 2635 scripto-

126 2666 160 2697 res,
174 2662 200 2690 ost
212 2663 263 2697 tertia
274 2675 315 2708 pars
328 2660 378 2698 aurei
392 2660 430 2695 sire
441 2656 501 2694 soh'di.
526 2657 599 2694 Solidns
613 2671 656 2695 vero
670 2662 733 2704 quarta
747 2662 798 2704 parte
817 2657 878 2694 minor
890 2657 976 2698 ludovico

112 2729 187 2759 ¹nostro
201 2737 260 2762 aureo.
284 2732 334 2767 Conl.
348 2739 390 2770 nota
403 2728 566 2769 Benedictinorum
579 2730 601 2767 ad
614 2730 647 2766 lib.
660 2728 692 2767 lV·
706 2727 758 2775 eplsl·
773 2730 803 2764 28·
