1999 2998
463 126 494 172 65

16 243 108 287 domnus
126 242 250 288 lolianncs“
272 239 401 306 (episcopus-¹
411 235 666 304 constantinopolitanus)
682 239 784 302 „literas
799 230 876 299 misit,
892 239 942 297 qni-⁴

17 324 56 368 bus
69 326 180 370 nitebatur
188 320 580 383 ostendere,eoszEplresinachptaod'i
593 323 755 367 delinitionibus
773 315 942 377 contradixisse3

16 414 37 450 et
53 407 113 451 velut
123 416 157 450 'ex
171 399 252 450 eadem'
265 404 349 462 synodo
363 408 422 448 certa
438 406 520 459 nobis,
532 406 608 462 quihus
623 398 663 460 ipsi
679 393 820 464 olisiste1¹ent,
845 403 942 462 capitula
982 399 984 403 ’

16 488 136 532 destinavit.
154 488 224 535 ,lnt'er
235 487 286 529 alia⁴
297 472 401 542 scriptum
415 483 462 548 illis
472 481 621 530 continebatur
636 486 663 528 de
678 485 738 530 Adae
748 478 901 542 'anima'quia
916 485 941 527 in·

14 576 104 625 peccato
118 567 204 616 mortua
221 581 264 621 non
275 560 352 619 luerit,
370 581 397 609 eo
413 567 470 624 quod
486 554 584 609 diabolus
598 566 620 607 in
637 580 674 609 cor
689 566 783 611 hominis
800 564 845 609 non
863 567 940 621 ingre-

15 650 98 703 diatur,
125 648 179 690 etsi
195 648 242 705 quis
256 649 298 691 hoc
315 646 413 700 dixisset,
438 647 552 691 anathema
571 633 646 689 essen
664 648 726 703 Quae
743 663 809 705 quum
829 648 884 691 mihi
900 654 940 689 ress

15 729 70 771 lecta
88 727 188 782 fuissent,
206 729 269 773 ualde
284 729 421 771 contristatus
439 742 493 770 sum.
528 729 557 772 Si
568 729 625 770 enirn
638 726 713 782 Adae,
737 733 773 785 qui
787 716 869 785 prinius
883 713 940 785 pce-

15 810 88 862 oarit„
109 810 182 851 anima
199 810 222 850 in
238 805 327 863 peceato
344 815 488 866 mortnevnon
509 817 551 863 est,
583 807 691 866 quomodo
710 811 738 853 de
754 810 813 866 ligno
827 810 896 855 vetito
917 805 938 850 ei

15 889 158 930 dictumest:
188 888 212 930 In
233 889 574 945 quacumquedieoomederitis
594 904 623 932 ex
643 906 681 944 eo,
710 899 780 935 morte
790 885 937 933 moriemini?

14 968 44 1010 Et
62 974 122 1028 certe
141 969 235 1011 comedit
249 967 318 1011 Adam
335 976 357 1012 et
369 970 416 1013 Eva
436 971 463 1013 de
480 970 538 1025 ligno
554 970 634 1024 vetito,
658 978 762 1015 ettamen
778 972 800 1013 in
815 984 937 1014 carnosus

15 1050 71 1092 ultra
85 1055 205 1103 nongentos
222 1063 289 1106 annos
299 1052 440 1107 postmodum
456 1053 561 1096 vixerunt.
593 1050 763 1109 Constatttaque
773 1053 823 1108 quia
839 1053 937 1093 incarne

14 1145 57 1174 non
75 1138 108 1173 est
121 1135 225 1177 mortuus,
257 1130 280 1172 Si
297 1133 385 1186 ergoin
406 1134 476 1175 anime
493 1137 589 1175 mortuus
608 1146 651 1175 non
671 1141 715 1185 est⁷
738 1130 795 1189 quod
816 1131 861 1172 diei
876 1126 939 1172 nefas

14 1218 60 1265 cst,
75 1209 153 1253 falsam
170 1211 298 1269 sententiam
315 1213 343 1255 de
357 1214 397 1256 'illo
412 1214 500 1270 protulit
514 1215 582 1267 Deus,
597 1214 633 1269 qui
651 1213 706 1255 dixit
722 1218 768 1268 qua
783 1212 819 1254 die
834 1211 938 1253 comede-

14 1297 55 1346 ret,
71 1283 201 1335 moreretur.
233 1292 276 1334 Sed
292 1291 347 1336 absit
363 1293 399 1335 hic
420 1279 487 1346 error,
503 1294 558 1335 absit
573 1307 585 1334 a
601 1305 652 1336 tera
667 1291 729 1334 fide.⁴
754 1293 799 1336 Nos
818 1293 876 1335 enim
890 1293 938 1349 pri*

14 1387 74 1420 mum
90 1367 278 1429 hominem,'·qua
292 1361 449 1429 die'peocavit,
476 1374 547 1416 anima
561 1362 674 1423 mortuumv
687 1373 790 1427 dicimus,
815 1380 880 1431 atque
896 1386 937 1430 per

11 1442 72 1497 ¹hunc
88 1468 153 1497 omne
168 1467 238 1510 genus
250 1454 369 1496 humanum
385 1453 411 1493 in
421 1452 462 1493 hae
474 1438 547 1498 inertis
562 1459 584 1496 et
597 1454 740 1510 corruptionis
756 1467 829 1518 poena
843 1454 937 1503 damna-¹

14 1542 68 1578 tum.
99 1536 142 1577 Per
157 1535 277 1590 secundum
292 1548 344 1579 vero
359 1522 477 1586 hominem,
493 1539 514 1574 ct
528 1533 593 1574 modo
607 1549 620 1575 a
633 1541 705 1576 morte
722 1534 824 1589 animae,
837 1542 939 1595 etpost*
962 1585 963 1588 Ἴ

13 1616 103 1657 modum
119 1614 146 1657 ab
163 1615 375 1671 omni'corruptione
390 1612 460 1654 carnis
471 1613 497 1654 in
515 1619 603 1658 aeterna
617 1601 777 1658 resurrectione
793 1615 883 1659 liberari
898 1628 939 1659 nos

12 1709 74 1751 posse
90 1694 232 1739 confidimus..
254 1696 316 1738 Sicut
331 1701 404 1738 autem
422 1700 445 1737 et
458 1692 571 1750 praedictis
588 1693 763 1748 responsalibus“
779 1696 835 1751 (sive
850 1699 938 1753 apocri-

12 1776 80 1818 siariis
99 1774 347 1830 constantinopolitanis,
364 1787 455 1830 quornm
469 1774 599 1814 mentionem
617 1771 736 1828 Gregorius
749 1771 842 1833 fecerat)
859 1776 935 1829 „dixi-

13 1870 73 1910 uius,
100 1869 144 1897 non
164 1869 178 1896 a
194 1854 314 1897 substantia
328 1854 425 1907 vivendi,
449 1853 488 1896 sed
509 1867 522 1894 a
541 1851 642 1908 qualitate
663 1852 757 1896 vivendi.
791 1855 849 1909 Quia
874 1855 933 1897 enim

13 1936 72 1978 eliud
87 1942 119 1978 est
133 1935 257 1990 substantia,
272 1942 338 1992 atque
351 1935 410 1977 aliud
426 1934 522 1991 qualitas,
536 1934 625 1975 nonest
640 1933 686 1989 ejus
700 1933 773 1976 anima
791 1937 823 1978 ita
841 1941 934 1988 mortua,

13 2025 37 2059 nt
53 2018 117 2076 beata
134 2031 177 2059 non
196 2023 259 2061 esset·
287 2017 333 2072 Qui
349 2023 423 2060 tamen
437 2013 507 2078 Adara
522 2015 659 2073 postmodum
675 2029 715 2072 per
732 2016 888 2073 poenitentiam
905 2016 933 2058 ad

13 2099 78 2141 vitam
96 2099 184 2158 rediit.“
425 2094 430 2103 “
990 2080 992 2083 >

73 2177 109 2221 Ex
123 2176 229 2220 hocloco
243 2187 344 2235 apparet:
361 2179 384 2239 1)
401 2178 516 2223 monachos
531 2176 633 2235 quosdam
647 2178 740 2222 Isauriae
754 2167 798 2233 aut,
813 2177 931 2222 seeundum

13 2261 65 2304 alios
85 2260 212 2315 scriptores,
232 2259 355 2315 Lycaoniae
372 2260 462 2317 (Isauria
477 2260 622 2315 etLycaonia
638 2265 727 2315 propter
747 2260 877 2302 vicinitatem
894 2255 932 2300 fa-

13 2343 53 2385 cile
70 2338 176 2401 confundi
191 2338 312 2404 poterant),
325 2341 374 2398 quia
388 2340 488 2395 decretis,
502 2354 556 2397 quae
572 2331 704 2395 ferebantur,
719 2341 796 2397 synodi
807 2338 932 2396 Eplresinae

12 2421 201 2474 contradixissent,
216 2414 229 2463 a
242 2423 337 2475 Joanne,
355 2414 456 2479 episcopo
471 2421 714 2479 Constantinopolitano,
732 2422 852 2465 haereticos
864 2418 932 2471 habiu

12 2512 45 2547 tos
63 2517 115 2547 esse.
146 2502 238 2544 loannes
257 2507 330 2544 autern
348 2515 371 2543 se
391 2502 419 2545 ab
439 2499 523 2547 haeresi
538 2503 652 2560 Pelagiana
669 2485 820 2552 nonomnino
836 2502 933 2550 liberum

11 2584 146 2640 piraoetabat,
161 2584 183 2626 id
199 2584 257 2641 quod
273 2584 300 2626 de
318 2582 407 2625 Graecis
421 2596 485 2640 quam
503 2585 599 2641 plurimis
616 2591 707 2643 constat,
732 2570 877 2630 ethistoriae
892 2599 933 2629 eo-

12 2664 144 2708 clesiasticae
159 2665 252 2722 artisque
267 2665 353 2708 criticae
368 2677 411 2707 non
426 2665 476 2706 satis
489 2666 642 2721 peritusserat,
663 2665 744 2723 quippe
756 2668 798 2724 ¹qui
813 2668 933 2725 suppositi-

11 2746 42 2789 tia
62 2751 83 2789 et
99 2743 208 2788 haeretica
224 2760 266 2803 pro
281 2746 380 2803 genuinis
397 2744 518 2802 Ephesinee
537 2748 612 2803 synodi
632 2746 807 2810 actisjitnperite
826 2749 931 2799 laudaret,
