1999 2998
438 105 563 184 ...e-e„

39 237 87 279 Deo
101 248 147 279 esse
161 235 238 278 similes
256 236 278 279 in
294 235 406 280 divinitate
422 237 574 292 nequiverunt,
595 235 622 277 ud
639 232 719 277 erroris
736 232 768 275 sui
783 234 895 277 cornutum
914 238 963 280 Dc-

39 318 119 360 minum
134 318 174 360 sibi
190 317 264 360 iacere
279 318 370 361 similem
388 317 410 359 in
426 316 491 371 culpa
505 317 573 359 conati
589 318 659 360 sunt.“
686 316 756 359 XXII.
771 317 810 358 50.

33 431 37 436 .
98 400 133 441 Dc
150 413 176 441 eo
193 399 249 455 quod
266 400 348 442 intersit
370 399 427 440 inter
444 404 556 453 peccatum
576 397 701 451 angelorum
720 403 742 440 et
760 404 873 453 peccatum
897 398 963 454 primi

38 480 129 523 hominis
141 478 285 522 conferendus
299 484 330 519 est
348 478 409 519 locus
425 474 443 533 §-
458 477 496 518 tto
510 477 615 520 laudatus.
646 477 698 528 „Est
717 479 785 524 adhuc
804 480 885 535 aliud,“
906 493 962 536 per-

38 564 69 619 git
82 563 175 614 ibidem,
191 574 248 615 „quo
266 560 361 614 perditus
379 558 444 600 homo
463 559 560 615 reperuri
576 557 662 611 debuit,
687 566 709 601 et
726 560 854 619 superbiens
871 562 960 618 spiritus

38 625 132 702 reperari
151 654 194 685 non
212 623 300 698 possit.“
331 640 388 684 Mor.
403 639 439 685 tv.
456 640 477 683 8.
808 635 810 640 ’

466 799 555 859 re

80 900 135 966 ΙΙΙ,
155 900 201 953 De
215 906 290 952 stuta
305 907 422 954 naturae
436 906 578 971 corruptae
588 917 642 972 per
653 909 795 971 peccatum
808 905 915 959 Adumi.

99 1046 177 1088 Adami
192 1046 261 1102 lapsus
278 1059 321 1089 non
334 1046 375 1103 ipsi
389 1045 457 1090 solum
466 1044 557 1098 Ademc,
572 1044 613 1087 sed
631 1046 694 1089 etiam
711 1047 809 1090 universo
825 1048 898 1103 generi
915 1047 960 1088 hu-

39 1141 109 1169 meno
121 1127 213 1168 multum
231 1127 304 1169 damni
322 1127 400 1170 attulit.
431 1129 454 1170 In
472 1127 556 1171 Ademo
574 1126 632 1169 enim
651 1129 812 1183 praevaricante
835 1128 961 1169 universum

36 1222 104 1264 >genus
117 1208 235 1250 humanum
250 1210 415 1266 praevaricavit,
432 1216 497 1264 utque
513 1210 567 1253 adeo
582 1222 627 1251 non
644 1209 713 1249 solnm
731 1209 814 1263 primus
831 1208 907 1259 homo,
917 1208 961 1248 'sed

38 1291 101 1331 etiam
119 1303 195 1346 onmes
214 1289 259 1344 ejus
278 1290 356 1344 posteri
377 1290 451 1345 poenis
468 1290 540 1332 affecti
555 1296 612 1331 sunt.
648 1289 777 1332 Universum
796 1294 864 1344 genus
880 1288 961 1330 huma-

39 1383 89 1411 num
106 1383 147 1425 per
163 1369 268 1425 Adamum
286 1370 444 1426 delinquentem
461 1365 663 1430 infelixredditum
679 1377 718 1412 est.

99 1450 131 1493 Ad
148 1451 195 1492 Jobi
207 1451 274 1494 verba
290 1450 321 1505 (5,
338 1465 373 1493 11.
392 1451 446 1505 lo.):
476 1452 572 1511 „Quare
588 1466 632 1494 nou
647 1452 669 1494 in
689 1452 760 1492 outuu
774 1455 876 1492 mortuus
891 1442 962 1492 arum?

37 1545 147 1589 egressus
165 1545 193 1574 eu
210 1538 275 1575 utera
294 1548 337 1575 nou
358 1535 436 1577 statim
451 1532 536 1591 perii?
564 1533 613 1576 Cur
638 1537 747 1587 exceptus
768 1528 884 1589 genibus?
917 1544 960 1571 cur

39 1615 137 1655 luctatus
154 1611 279 1655 uberibus?
306 1613 359 1655 haec
380 1615 443 1657 affert
459 1613 591 1668 Gregorius:
624 1612 678 1665 „His
697 1611 890 1667 reprehensionum
909 1624 961 1653 sua·

38 1707 86 1735 rum
100 1691 188 1734 vocibus
209 1693 230 1733 iu
241 1684 343 1748 parente
358 1693 434 1748 primo
449 1706 474 1734 ee
489 1692 727 1748 peccasse'redarguit
745 1687 826 1746 (Job)!⁴
850 1691 905 1736 Mor.
923 1692 960 1735 tv.

1 1788 2 1791 ¹
39 1775 73 1817 55'.
102 1770 175 1826 „Quia
189 1770 253 1812 homo
268 1785 309 1826 per
326 1772 439 1813 mulierem
457 1772 535 1826 culpae
550 1770 659 1815 subditam
675 1770 776 1823 nascitur,
793 1753 959 1827 reuiusprimr'

38 1854 149 1897 infirmitas
165 1853 186 1893 in
203 1851 263 1907 proie
276 1858 417 1907 propagatur.
444 1850 472 1892 Et
488 1851 538 1906 quie
556 1852 578 1892 in
596 1850 677 1893 radice
690 1852 779 1907 putruit
798 1851 891 1894 hermoni
913 1865 957 1909 ge-

39 1937 100 1979 neris
110 1947 199 1984 ramus,
214 1933 235 1974 in
253 1933 381 1974 conditionis
395 1944 445 1973 suae
461 1931 567 1974 viriditate
586 1932 675 1974 minime
691 1932 808 1975 subsistitr‘
836 1932 903 1974 xvu.
922 1945 958 1973 21⁴

39 2018 84 2070 „Iu
101 2017 177 2058 Adam
189 2014 264 2069 primo
282 2013 367 2057 humine
386 2028 402 2056 a
417 2013 464 2055 Deo
481 2014 617 2065 recedente,
642 2013 723 2070 repulsi
740 2029 751 2055 a
767 2014 860 2071 paradisi
876 2013 958 2067 gaudiis

38 2098 60 2139 in
74 2097 128 2137 hano
146 2095 240 2136 mortalis
256 2096 313 2139 vitae
331 2108 456 2137 aerumnam
471 2095 608 2146 cecidimus,
631 2102 653 2137 et
670 2109 735 2151 quam
753 2109 853 2154 grauem
867 2095 956 2149 culpmn

38 2176 142 2231 serpentis
158 2175 255 2216 suasione
273 2178 438 2226 commisimus,
464 2181 656 2230 poenaenostrae
673 2176 754 2225 uitione
772 2174 852 2231 (poena
872 2181 956 2215 nostrae

39 2255 132 2314 ultionis)
151 2255 259 2297 sentimus.
291 2253 333 2296 Hic
348 2256 406 2296 enim
423 2255 482 2311 lapsi
486 2285 495 2305 ,
512 2254 564 2296 nihil
582 2262 644 2297 extra
660 2255 733 2297 Denm
749 2256 787 2315 nisi
808 2271 851 2311 quo
868 2253 956 2308 afflige-

28 2338 111 2381 remur
126 2337 269 2379 invenimusr‘
284 2343 324 2378 cet.
354 2334 434 2378 XXIV.
451 2348 471 2391 7.
492 2335 639 2389 „Humanum
657 2351 732 2393 genus
748 2339 770 2380 in
786 2338 862 2380 Adam
874 2337 955 2393 perie-

40 2420 99 2463 rat.“
126 2417 176 2463 Lib.
193 2419 245 2460 edus
260 2420 282 2459 in
297 2418 391 2475 primum
409 2417 494 2474 Regum
511 2418 562 2476 Cap.
579 2419 594 2460 Ι.
617 2416 634 2475 b.
651 2420 684 2461 15.

469 2557 486 2615 i·
507 2574 526 2614 v·

99 2663 170 2715 Male,
192 2675 245 2718 qnae
260 2666 284 2704 ut
299 2675 379 2718 poenae
395 2674 422 2703 ex
438 2658 515 2704 Adurni
532 2661 590 2719 lapsu
610 2662 631 2703 in
648 2660 769 2704 universum
787 2673 857 2716 genus
876 2661 957 2705 hume·-

40 2757 90 2785 num
105 2744 264 2797 redundarunt,
285 2750 333 2786 sunt
