1999 2998
496 40 527 86 ts

448 93 575 108 mnu-nd

55 199 57 204 ,
112 155 238 210 Humanum
253 163 332 212 genus,
349 156 451 215 grandem
467 163 582 213 aegrotum
601 168 641 215 per
657 162 726 200 totum
741 157 851 217 ,mundum
867 156 973 214 iacentem

52 239 151 297 appellat.
178 238 251 293 „Quia
268 245 352 283 certum
367 245 423 293 crat,
447 239 507 295 quod-
524 247 692 296 peraccess'uru
712 241 834 296 temporum
854 239 973 285 deficientis

53 321 119 364 seculi
136 319 257 373 languores.
268 327 430 374 excrescerant,
455 327 526 363 actum
542 327 590 374 est,
607 327 631 364 ut
645 321 732 363 aeterna
751 321 794 380 Dei
811 321 914 377 sapientia
935 336 974 376 per

50 400 225 457 semetipsam‘iu
240 398 284 452 line
299 403 422 451 seculorum.
434 403 525 448 veniret>
537 404 570 446 ad
585 403 706 460 grandem,
718 401 778 446 tana
795 407 817 444 et
838 402 973 446 attactam:

43 481 168 537 firmitatis
179 466 315 538 ,aege-cami,
328 485 400 526 idest
407 509 409 529 ε
411 498 458 541 pet·
473 490 543 527 totam
558 483 913 541 arandam,jacenslaagutdum
928 494 973 541 ,ae-v

50 565 115 607 ποιοίζ
138 563 285 620 lidoruXVllL
301 566 337 620 75.
352 611 354 614 Α
367 565 432 620 Quod
446 564 565 621 Gregorius
579 565 608 607 de
623 566 741 607 certamine
758 564 828 606 carnis
845 571 867 607 ct
883 565 973 621 spiritus

50 642 155 702 affirmat,
176 645 199 687 in
217 646 313 692 animum
328 652 439 700 revocant,
457 646 653 706 quaeCassianus,
670 645 891 701 Semipelagianorum
908 642 973 688 facile

48 726 159 783 princeps,
175 728 198 769 iu
215 728 292 778 Collat.
308 729 343 772 IV.
363 742 381 770 1.
401 742 421 770 2.
439 729 566 774 uetuere
583 727 678 784 exponit.
712 727 805 769 Ratione
824 728 881 768 enirn
898 727 974 770 habita

49 806 107 848 illius
123 807 174 851 dicti
191 809 267 853 divini:
284 808 368 852 Sufficit
381 809 421 858 tibi
438 811 505 866 gratia
522 824 583 863 mea,
597 824 647 852 nam
662 810 729 851 virtus
745 810 767 849 in
780 805 903 854 infirmitate
919 820 975 864 per-⁴

50 885 133 940 ficitur,
154 889 209 931 haec
226 890 288 932 affert
305 890 433 946 Gregorius:
464 890 559 947 „Aperte
577 904 629 945 ergo
645 890 688 932 Dei
706 889 907 940 voceostendttur,
922 890 972 944 quia

50 975 121 1009 custos
140 969 224 1011 virtutis
242 977 275 1012 est
293 970 421 1025 infirmitas.
463 972 533 1013 Tune
545 972 624 1027 quippe
648 968 706 1011 bene
723 967 814 1009 interius
832 967 972 1020 custodimur,

49 1064 117 1107 quum
130 1063 170 1105 per
185 1050 517 1106 dispensationem*tolerabiliter
534 1058 642 1095 tentamur
659 1048 760 1101 euterius,
778 1048 892 1103 aliquando
909 1049 972 1101 vitiis,

51 1131 166 1187 aliquando
183 1132 293 1187 pressuris.
311 1153 341 1163 -
364 1129 398 1174 Ad
416 1133 459 1175 ima
476 1132 543 1176 trahit
558 1146 619 1186 caro,
647 1144 676 1175 ne
692 1129 919 1185 extollaturspiritus5
949 1136 971 1172 ot

51 1212 80 1253 ad
93 1226 177 1254 summa
193 1211 258 1255 trahit
272 1212 369 1267 spiritus,
385 1228 412 1263 ne
422 1220 548 1270 prosternat
565 1227 622 1255 caro.
656 1212 748 1268 Spiritus
764 1211 831 1262 levat,
853 1224 881 1251 ue
897 1210 970 1264 jacea-

49 1305 98 1333 mus
112 1292 135 1332 iu
150 1291 238 1343 inlunis,
256 1301 421 1346 caroaggravat
438 1308 467 1336 ue
485 1295 613 1337 extollamur
633 1293 656 1335 in
671 1291 766 1334 summis.
797 1291 819 1338 Si
835 1293 881 1332 ‘non
895 1292 971 1333 suble-

48 1379 113 1415 vante
127 1373 203 1427 spiritu
218 1386 257 1414 uos
273 1386 322 1413 caro
337 1378 441 1426 tentaret,
458 1374 592 1429 perfectione
606 1373 682 1429 procul
700 1372 765 1414 dubio
781 1373 904 1417 tentationis
920 1387 971 1414 suae

49 1452 71 1495 iu
92 1454 136 1495 ima
153 1453 262 1510 dejiceret,
298 1454 393 1496 Rursum
414 1468 465 1499 vero
484 1456 502 1497 si
523 1469 565 1497 nou
584 1462 681 1497 tentante
698 1467 767 1496 ,carne
786 1452 813 1495 ad
832 1467 916 1494 summa
932 1466 971 1494 nos

50 1535 137 1589 spiritus
152 1535 286 1585 sublevaret,
310 1535 333 1575 iu
352 1535 466 1590 superbiae
486 1550 536 1577 casu
556 1536 603 1591 ipsa
621 1550 659 1577 uos
677 1536 738 1592 pejus
755 1533 901 1576 sublevatione
917 1546 971 1587 pro-

50 1620 177 1669 sterneret..
201 1615 244 1656 Sed
263 1614 287 1656 fit
305 1620 364 1656 certo
386 1615 533 1657 moderamine
555 1622 580 1658 ut
604 1616 655 1657 duur
677 1615 823 1670 unusquisque
847 1619 969 1656 sanctorum

48 1697 91 1752 jam
108 1695 196 1751 quidem
214 1695 304 1737 interius
324 1695 352 1736 ad
371 1707 455 1735 summa
475 1696 569 1748 rapitur,
591 1696 634 1743 vsed
655 1695 733 1742 adimo
749 1700 851 1738 tentatur.
868 1696 969 1749 euterius,

48 1789 90 1819 uec
106 1776 260 1832 desperationis
280 1775 363 1832 lapsum
380 1789 420 1816 nec
439 1774 551 1816 electionis
569 1775 675 1818 incurrat:
705 1775 805 1832 quoniam
820 1789 861 1817 nec
879 1777 970 1818 tentatio

50 1858 145 1900 exterior
163 1857 248 1912 culpam
267 1855 360 1912 perficit,
378 1856 428 1912 quia
444 1849 641 1899 interierintentio
661 1870 745 1899 sursum
763 1857 839 1899 trahit:
860 1871 901 1898 nec
917 1870 969 1899 rur-

49 1952 97 1982 sum
111 1938 201 1979 intentio
216 1937 306 1978 interior
321 1936 345 1978 iu
355 1936 478 1992 superbiam
492 1936 569 1989 elevat,
586 1939 740 1993 quiatentatio
757 1938 851 1979 exterior
865 1931 969 1993 humiliat,

49 2020 102 2062 dum
117 2024 200 2079 gravat,
235 2017 313 2072 Sisque
336 2030 414 2071 magno
438 2015 513 2057 ordine
535 2019 683 2071 cognoscimus
705 2019 726 2058 in
747 2018 849 2059 interiore
869 2017 969 2073 profectu

50 2101 102 2157 quid
112 2098 242 2155 ,accipimus
257 2099 280 2140 iu
297 2098 399 2140 exteriori
414 2093 500 2138 deiectu
515 2098 572 2152 quod
588 2112 667 2140 sumus.
698 2098 727 2139 Et
742 2099 796 2139 miro
812 2098 876 2140 ruodo
893 2102 969 2157 agitur,

49 2189 79 2231 ut
89 2194 130 2222 nec
148 2179 174 2220 de
192 2181 271 2232 uirtute
284 2180 396 2235 quisquam
411 2177 484 2220 extolli
503 2178 592 2235 debeat',
613 2193 654 2221 neo
671 2180 693 2221 iu
708 2180 825 2227 tentatione
841 2181 956 2238 desperare
962 2199 969 2241 5

49 2262 164 2318 quia'durn
180 2262 266 2315 spiritus
282 2260 356 2313 trahit,
372 2267 393 2302 et
410 2274 460 2302 caro
474 2260 571 2312 retrahit,
587 2260 725 2302 subtilissimo
738 2261 812 2315 judicii
825 2262 905 2305 interni
919 2279 968 2307 mo-

50 2338 243 2393 deramineiufra
256 2354 350 2392 summa,
368 2348 391 2381 et
408 2353 473 2393 supra
488 2338 561 2380 infima
577 2340 598 2381 in
615 2340 707 2395 quodam
723 2341 795 2388 medio
811 2344 881 2387 anima
900 2346 969 2387 libra-

48 2424 106 2467 tur,“
134 2421 192 2466 ator.
206 2420 265 2462 XIX.
283 2432 317 2461 12.
345 2419 408 2474 Quae
427 2417 462 2460 mc
479 2419 506 2460 de
523 2418 590 2461 carnis
609 2425 631 2462 et
648 2420 735 2477 spiritus
754 2409 870 2467 certamine
884 2423 968 2481 profert

51 2504 175 2560 Gregorius,
190 2516 239 2544 cum
255 2500 354 2553 absoluto
368 2488 454 2543 deiectu
468 2501 544 2545 virium
559 2501 672 2547 moralium
684 2510 706 2548 et
720 2512 789 2551 morte
805 2506 887 2561 morali,
903 2521 966 2564 quam

50 2583 179 2640 Augustinus
192 2582 326 2638 affirmabat,
347 2582 436 2628 minime
454 2582 595 2628 consentiunt.
