<?xml version="1.0" encoding="UTF-8"?>
<!DOCTYPE html PUBLIC "-//W3C//DTD XHTML 1.0 Transitional//EN"
    "http://www.w3.org/TR/xhtml1/DTD/xhtml1-transitional.dtd">
<html xmlns="http://www.w3.org/1999/xhtml" xml:lang="en" lang="en">
 <head>
  <title>
</title>
<meta http-equiv="Content-Type" content="text/html;charset=utf-8" />
  <meta name='ocr-system' content='tesseract 3.04.00' />
  <meta name='ocr-capabilities' content='ocr_page ocr_carea ocr_par ocr_line ocrx_word'/>
</head>
<body>
  <div class='ocr_page' id='page_1' title='image "MN41459ucmf_8_0043.png"; bbox 0 0 1999 2998; ppageno 0'>
   <div class='ocr_carea' id='block_1_1' title="bbox 502 61 537 104">
    <p class='ocr_par' dir='ltr' id='par_1_1' title="bbox 502 61 537 104">
     <span class='ocr_line' id='line_1_1' title="bbox 502 61 537 104; baseline 0 0"><span class='ocrx_word' id='word_1_1' title='bbox 502 61 537 104; x_wconf 40' lang='lat'>271</span> 
     </span>
    </p>
   </div>
   <div class='ocr_carea' id='block_1_2' title="bbox 45 176 978 1145">
    <p class='ocr_par' dir='ltr' id='par_1_2' title="bbox 45 176 978 1145">
     <span class='ocr_line' id='line_1_2' title="bbox 49 176 978 241; baseline 0.004 -17"><span class='ocrx_word' id='word_1_2' title='bbox 49 180 109 225; x_wconf 81' lang='lat' dir='ltr'>unde</span> <span class='ocrx_word' id='word_1_3' title='bbox 130 177 229 225; x_wconf 62' lang='lat' dir='ltr'>fratrum*</span> <span class='ocrx_word' id='word_1_4' title='bbox 247 186 342 225; x_wconf 78' lang='lat' dir='ltr'>suorum</span> <span class='ocrx_word' id='word_1_5' title='bbox 362 180 468 227; x_wconf 78' lang='lat' dir='ltr'>honorem</span> <span class='ocrx_word' id='word_1_6' title='bbox 493 184 623 226; x_wconf 80' lang='lat' dir='ltr'>imminuere</span> <span class='ocrx_word' id='word_1_7' title='bbox 647 192 675 241; x_wconf 81' lang='lat' dir='ltr'>ex</span> <span class='ocrx_word' id='word_1_8' title='bbox 697 176 895 237; x_wconf 87' lang='lat' dir='ltr'>quantulacumque</span> <span class='ocrx_word' id='word_1_9' title='bbox 917 190 978 238; x_wconf 88' lang='lat' dir='ltr'>parte</span> 
     </span>
     <span class='ocr_line' id='line_1_3' title="bbox 48 259 978 323; baseline 0.001 -16"><span class='ocrx_word' id='word_1_10' title='bbox 48 262 154 307; x_wconf 86' lang='lat' dir='ltr'>videatur.</span> <span class='ocrx_word' id='word_1_11' title='bbox 165 287 195 299; x_wconf 90' lang='lat'>-·</span> <span class='ocrx_word' id='word_1_12' title='bbox 210 265 236 309; x_wconf 87' lang='lat' dir='ltr'>Si</span> <span class='ocrx_word' id='word_1_13' title='bbox 247 265 289 307; x_wconf 88' lang='lat' dir='ltr'>hoc</span> <span class='ocrx_word' id='word_1_14' title='bbox 300 265 345 307; x_wconf 48' lang='lat' dir='ltr'>*dici</span> <span class='ocrx_word' id='word_1_15' title='bbox 356 264 448 308; x_wconf 80' lang='lat' dir='ltr'>licenter</span> <span class='ocrx_word' id='word_1_16' title='bbox 457 266 597 323; x_wconf 78' lang='lat' dir='ltr'>permittitur,</span> <span class='ocrx_word' id='word_1_17' title='bbox 614 264 685 307; x_wconf 90' lang='lat' dir='ltr'>honor</span> <span class='ocrx_word' id='word_1_18' title='bbox 694 259 869 322; x_wconf 84' lang='lat' dir='ltr'>patriarcharum</span> <span class='ocrx_word' id='word_1_19' title='bbox 881 263 978 308; x_wconf 90' lang='lat' dir='ltr'>omnium</span> 
     </span>
     <span class='ocr_line' id='line_1_4' title="bbox 48 344 977 405; baseline -0.001 -17"><span class='ocrx_word' id='word_1_20' title='bbox 48 353 146 403; x_wconf 79' lang='lat' dir='ltr'>negatur.</span> <span class='ocrx_word' id='word_1_21' title='bbox 184 346 300 403; x_wconf 86' lang='lat' dir='ltr'>thuurn</span> <span class='ocrx_word' id='word_1_22' title='bbox 318 344 409 391; x_wconf 78' lang='lat' dir='ltr'>fortasse</span> <span class='ocrx_word' id='word_1_23' title='bbox 429 348 447 390; x_wconf 90' lang='lat' dir='ltr'>is</span> <span class='ocrx_word' id='word_1_24' title='bbox 466 348 489 390; x_wconf 89' lang='lat' dir='ltr'>in</span> <span class='ocrx_word' id='word_1_25' title='bbox 509 360 584 389; x_wconf 84' lang='lat' dir='ltr'>errore</span> <span class='ocrx_word' id='word_1_26' title='bbox 599 348 666 402; x_wconf 89' lang='lat' dir='ltr'>perit,</span> <span class='ocrx_word' id='word_1_27' title='bbox 689 347 726 404; x_wconf 87' lang='lat' dir='ltr'>qui</span> <span class='ocrx_word' id='word_1_28' title='bbox 748 344 877 405; x_wconf 85' lang='lat' dir='ltr'>universalis</span> <span class='ocrx_word' id='word_1_29' title='bbox 892 345 977 399; x_wconf 88' lang='lat' dir='ltr'>dicitur,</span> 
     </span>
     <span class='ocr_line' id='line_1_5' title="bbox 46 421 976 487; baseline 0.003 -18"><span class='ocrx_word' id='word_1_30' title='bbox 46 428 118 471; x_wconf 89' lang='lat' dir='ltr'>nullus</span> <span class='ocrx_word' id='word_1_31' title='bbox 133 426 177 482; x_wconf 84' lang='lat' dir='ltr'>jani</span> <span class='ocrx_word' id='word_1_32' title='bbox 193 431 307 487; x_wconf 86' lang='lat' dir='ltr'>episcopus</span> <span class='ocrx_word' id='word_1_33' title='bbox 323 428 451 470; x_wconf 83' lang='lat' dir='ltr'>remansisse</span> <span class='ocrx_word' id='word_1_34' title='bbox 464 428 486 469; x_wconf 92' lang='lat' dir='ltr'>in</span> <span class='ocrx_word' id='word_1_35' title='bbox 504 433 561 485; x_wconf 85' lang='lat' dir='ltr'>statu</span> <span class='ocrx_word' id='word_1_36' title='bbox 577 421 674 471; x_wconf 81' lang='lat' dir='ltr'>veritatis</span> <span class='ocrx_word' id='word_1_37' title='bbox 681 429 803 477; x_wconf 59' lang='lat' dir='ltr'>invenitur,</span> <span class='ocrx_word' id='word_1_38' title='bbox 817 450 848 462; x_wconf 87' lang='lat'>·-</span> <span class='ocrx_word' id='word_1_39' title='bbox 865 427 902 470; x_wconf 79' lang='lat' dir='ltr'>Ex</span> <span class='ocrx_word' id='word_1_40' title='bbox 920 441 976 472; x_wconf 81' lang='lat' dir='ltr'>nova</span> 
     </span>
     <span class='ocr_line' id='line_1_6' title="bbox 46 502 976 568; baseline 0 -16"><span class='ocrx_word' id='word_1_41' title='bbox 46 508 155 568; x_wconf 68' lang='lat' dir='ltr'>superbia.</span> <span class='ocrx_word' id='word_1_42' title='bbox 164 516 209 554; x_wconf 85' lang='lat' dir='ltr'>tota</span> <span class='ocrx_word' id='word_1_43' title='bbox 226 507 352 551; x_wconf 79' lang='lat' dir='ltr'>universalis</span> <span class='ocrx_word' id='word_1_44' title='bbox 364 508 467 552; x_wconf 85' lang='lat' dir='ltr'>ecclesiae</span> <span class='ocrx_word' id='word_1_45' title='bbox 479 512 562 553; x_wconf 71' lang='lat' dir='ltr'>uiscera</span> <span class='ocrx_word' id='word_1_46' title='bbox 570 510 743 566; x_wconf 80' lang='lat' dir='ltr'>perturbantur.“</span> <span class='ocrx_word' id='word_1_47' title='bbox 766 509 816 561; x_wconf 87' lang='lat' dir='ltr'>Lib.</span> <span class='ocrx_word' id='word_1_48' title='bbox 824 509 851 553; x_wconf 77' lang='lat' dir='ltr'>V.</span> <span class='ocrx_word' id='word_1_49' title='bbox 866 510 928 566; x_wconf 89' lang='lat' dir='ltr'>epist.</span> <span class='ocrx_word' id='word_1_50' title='bbox 938 502 976 554; x_wconf 76' lang='lat'>45.</span> 
     </span>
     <span class='ocr_line' id='line_1_7' title="bbox 48 589 975 650; baseline 0.002 -17"><span class='ocrx_word' id='word_1_51' title='bbox 48 595 53 599; x_wconf 85' lang='lat'>&#39;</span> <span class='ocrx_word' id='word_1_52' title='bbox 106 598 128 638; x_wconf 80' lang='lat'>3.</span> <span class='ocrx_word' id='word_1_53' title='bbox 149 591 221 633; x_wconf 87' lang='lat' dir='ltr'>Nemo</span> <span class='ocrx_word' id='word_1_54' title='bbox 243 589 276 632; x_wconf 88' lang='lat' dir='ltr'>vir</span> <span class='ocrx_word' id='word_1_55' title='bbox 301 596 386 632; x_wconf 87' lang='lat' dir='ltr'>sanctus</span> <span class='ocrx_word' id='word_1_56' title='bbox 410 600 436 634; x_wconf 69' lang='lat' dir='ltr'>&#39;se</span> <span class='ocrx_word' id='word_1_57' title='bbox 459 606 562 650; x_wconf 87' lang='lat' dir='ltr'>umquam</span> <span class='ocrx_word' id='word_1_58' title='bbox 587 591 728 635; x_wconf 87' lang='lat' dir='ltr'>universalem</span> <span class='ocrx_word' id='word_1_59' title='bbox 750 591 822 635; x_wconf 80' lang='lat' dir='ltr'>uocari</span> <span class='ocrx_word' id='word_1_60' title='bbox 842 604 917 647; x_wconf 89' lang='lat' dir='ltr'>passus</span> <span class='ocrx_word' id='word_1_61' title='bbox 936 599 975 635; x_wconf 85' lang='lat' dir='ltr'>est.</span> 
     </span>
     <span class='ocr_line' id='line_1_8' title="bbox 45 668 875 728; baseline -0.004 -10"><span class='ocrx_word' id='word_1_62' title='bbox 45 672 123 718; x_wconf 89' lang='lat' dir='ltr'>Nullus</span> <span class='ocrx_word' id='word_1_63' title='bbox 137 668 263 728; x_wconf 83' lang='lat' dir='ltr'>pontificum</span> <span class='ocrx_word' id='word_1_64' title='bbox 280 670 429 717; x_wconf 90' lang='lat' dir='ltr'>Romanorum</span> <span class='ocrx_word' id='word_1_65' title='bbox 448 669 490 717; x_wconf 83' lang='lat' dir='ltr'>lioc</span> <span class='ocrx_word' id='word_1_66' title='bbox 504 686 585 717; x_wconf 89' lang='lat' dir='ltr'>nomeu</span> <span class='ocrx_word' id='word_1_67' title='bbox 600 672 641 715; x_wconf 87' lang='lat' dir='ltr'>sibi</span> <span class='ocrx_word' id='word_1_68' title='bbox 657 671 752 715; x_wconf 88' lang='lat' dir='ltr'>oblatum</span> <span class='ocrx_word' id='word_1_69' title='bbox 769 674 875 717; x_wconf 81' lang='lat' dir='ltr'>assumsit.</span> 
     </span>
     <span class='ocr_line' id='line_1_9' title="bbox 107 750 974 812; baseline 0.005 -15"><span class='ocrx_word' id='word_1_70' title='bbox 107 755 201 811; x_wconf 86' lang='lat' dir='ltr'>„Petrus</span> <span class='ocrx_word' id='word_1_71' title='bbox 211 750 372 809; x_wconf 51' lang='lat' dir='ltr'>Apostolorum¹</span> <span class='ocrx_word' id='word_1_72' title='bbox 381 755 469 810; x_wconf 84' lang='lat' dir='ltr'>primus,</span> <span class='ocrx_word' id='word_1_73' title='bbox 488 756 611 799; x_wconf 77' lang='lat' dir='ltr'>membrum</span> <span class='ocrx_word' id='word_1_74' title='bbox 625 761 712 798; x_wconf 89' lang='lat' dir='ltr'>sanctae</span> <span class='ocrx_word' id='word_1_75' title='bbox 726 760 748 797; x_wconf 88' lang='lat' dir='ltr'>et</span> <span class='ocrx_word' id='word_1_76' title='bbox 761 755 885 799; x_wconf 84' lang='lat' dir='ltr'>universalis</span> <span class='ocrx_word' id='word_1_77' title='bbox 895 757 974 812; x_wconf 19' lang='lat' dir='ltr'>,eccle-</span> 
     </span>
     <span class='ocr_line' id='line_1_10' title="bbox 46 820 974 897; baseline 0.005 -19"><span class='ocrx_word' id='word_1_78' title='bbox 46 836 102 888; x_wconf 79' lang='lat' dir='ltr'>stae,</span> <span class='ocrx_word' id='word_1_79' title='bbox 122 820 215 884; x_wconf 79' lang='lat' dir='ltr'>Paulus,</span> <span class='ocrx_word' id='word_1_80' title='bbox 231 831 339 886; x_wconf 80' lang='lat' dir='ltr'>Andreas,</span> <span class='ocrx_word' id='word_1_81' title='bbox 354 834 458 888; x_wconf 77' lang='lat' dir='ltr'>ioannes,</span> <span class='ocrx_word' id='word_1_82' title='bbox 483 838 535 893; x_wconf 89' lang='lat' dir='ltr'>quid</span> <span class='ocrx_word' id='word_1_83' title='bbox 549 838 608 881; x_wconf 89' lang='lat' dir='ltr'>aliud</span> <span class='ocrx_word' id='word_1_84' title='bbox 624 835 974 897; x_wconf 63' lang='lat' dir='ltr'>quamsingulariumsunt›ple-</span> 
     </span>
     <span class='ocr_line' id='line_1_11' title="bbox 46 911 973 975; baseline 0.008 -18"><span class='ocrx_word' id='word_1_85' title='bbox 46 915 107 957; x_wconf 90' lang='lat' dir='ltr'>bium</span> <span class='ocrx_word' id='word_1_86' title='bbox 122 911 207 971; x_wconf 82' lang='lat' dir='ltr'>capita?</span> <span class='ocrx_word' id='word_1_87' title='bbox 225 920 247 956; x_wconf 85' lang='lat' dir='ltr'>ct</span> <span class='ocrx_word' id='word_1_88' title='bbox 261 921 334 974; x_wconf 75' lang='lat' dir='ltr'>tamer]</span> <span class='ocrx_word' id='word_1_89' title='bbox 350 915 451 960; x_wconf 90' lang='lat' dir='ltr'>subuno</span> <span class='ocrx_word' id='word_1_90' title='bbox 466 919 535 975; x_wconf 89' lang='lat' dir='ltr'>capite</span> <span class='ocrx_word' id='word_1_91' title='bbox 548 933 624 962; x_wconf 89' lang='lat' dir='ltr'>omnes</span> <span class='ocrx_word' id='word_1_92' title='bbox 637 917 743 962; x_wconf 81' lang='lat' dir='ltr'>membra.</span> <span class='ocrx_word' id='word_1_93' title='bbox 760 915 843 974; x_wconf 66' lang='lat' dir='ltr'>„Atque</span> <span class='ocrx_word' id='word_1_94' title='bbox 857 926 881 962; x_wconf 91' lang='lat' dir='ltr'>ut</span> <span class='ocrx_word' id='word_1_95' title='bbox 894 930 973 966; x_wconf 84' lang='lat' dir='ltr'>cuncta</span> 
     </span>
     <span class='ocr_line' id='line_1_12' title="bbox 47 995 973 1057; baseline 0.009 -18"><span class='ocrx_word' id='word_1_96' title='bbox 47 997 108 1041; x_wconf 84' lang='lat' dir='ltr'>brevi</span> <span class='ocrx_word' id='word_1_97' title='bbox 133 995 219 1051; x_wconf 82' lang='lat' dir='ltr'>cingulo</span> <span class='ocrx_word' id='word_1_98' title='bbox 244 995 361 1040; x_wconf 87' lang='lat' dir='ltr'>locutionis</span> <span class='ocrx_word' id='word_1_99' title='bbox 383 1000 511 1056; x_wconf 78' lang='lat' dir='ltr'>astringam,</span> <span class='ocrx_word' id='word_1_100' title='bbox 544 1002 620 1045; x_wconf 79' lang='lat' dir='ltr'>curtati</span> <span class='ocrx_word' id='word_1_101' title='bbox 644 1007 698 1044; x_wconf 84' lang='lat' dir='ltr'>unte</span> <span class='ocrx_word' id='word_1_102' title='bbox 721 1000 818 1057; x_wconf 79' lang='lat' dir='ltr'>tegam,</span> <span class='ocrx_word' id='word_1_103' title='bbox 836 1004 912 1044; x_wconf 82' lang='lat' dir='ltr'>suncti</span> <span class='ocrx_word' id='word_1_104' title='bbox 930 1004 973 1047; x_wconf 87' lang='lat' dir='ltr'>sub</span> 
     </span>
     <span class='ocr_line' id='line_1_13' title="bbox 46 1077 972 1145; baseline 0.005 -23"><span class='ocrx_word' id='word_1_105' title='bbox 46 1081 110 1137; x_wconf 83' lang='lat' dir='ltr'>tege,</span> <span class='ocrx_word' id='word_1_106' title='bbox 134 1078 209 1145; x_wconf 78' lang='lat' dir='ltr'>sancti</span> <span class='ocrx_word' id='word_1_107' title='bbox 232 1077 274 1121; x_wconf 84' lang='lat' dir='ltr'>sub</span> <span class='ocrx_word' id='word_1_108' title='bbox 293 1080 388 1136; x_wconf 67' lang='lat' dir='ltr'>gretia,</span> <span class='ocrx_word' id='word_1_109' title='bbox 421 1096 496 1126; x_wconf 85' lang='lat' dir='ltr'>omnes</span> <span class='ocrx_word' id='word_1_110' title='bbox 521 1084 545 1126; x_wconf 91' lang='lat' dir='ltr'>hi</span> <span class='ocrx_word' id='word_1_111' title='bbox 566 1082 701 1142; x_wconf 88' lang='lat' dir='ltr'>perficientes</span> <span class='ocrx_word' id='word_1_112' title='bbox 721 1093 799 1138; x_wconf 88' lang='lat' dir='ltr'>corpus</span> <span class='ocrx_word' id='word_1_113' title='bbox 818 1081 934 1137; x_wconf 65' lang='lat' dir='ltr'>Domini,</span> <span class='ocrx_word' id='word_1_114' title='bbox 949 1085 972 1129; x_wconf 91' lang='lat' dir='ltr'>in</span> 
     </span>
    </p>
   </div>
   <div class='ocr_carea' id='block_1_3' title="bbox 46 1160 973 1220">
    <p class='ocr_par' dir='ltr' id='par_1_3' title="bbox 46 1160 973 1220">
     <span class='ocr_line' id='line_1_14' title="bbox 46 1160 973 1220; baseline 0.005 -17"><span class='ocrx_word' id='word_1_115' title='bbox 46 1160 150 1205; x_wconf 86' lang='lat' dir='ltr'>membris</span> <span class='ocrx_word' id='word_1_116' title='bbox 170 1167 220 1204; x_wconf 92' lang='lat' dir='ltr'>sunt</span> <span class='ocrx_word' id='word_1_117' title='bbox 245 1160 348 1202; x_wconf 83' lang='lat' dir='ltr'>ecclesiae</span> <span class='ocrx_word' id='word_1_118' title='bbox 368 1163 487 1216; x_wconf 88' lang='lat' dir='ltr'>constituti,</span> <span class='ocrx_word' id='word_1_119' title='bbox 517 1171 539 1207; x_wconf 93' lang='lat' dir='ltr'>et</span> <span class='ocrx_word' id='word_1_120' title='bbox 560 1179 625 1211; x_wconf 87' lang='lat' dir='ltr'>nemo</span> <span class='ocrx_word' id='word_1_121' title='bbox 645 1177 671 1208; x_wconf 88' lang='lat' dir='ltr'>se</span> <span class='ocrx_word' id='word_1_122' title='bbox 692 1176 798 1220; x_wconf 71' lang='lat' dir='ltr'>umquam</span> <span class='ocrx_word' id='word_1_123' title='bbox 817 1164 973 1209; x_wconf 80' lang='lat' dir='ltr'>utaiversalcm</span> 
     </span>
    </p>
   </div>
   <div class='ocr_carea' id='block_1_4' title="bbox 8 1229 973 2690">
    <p class='ocr_par' dir='ltr' id='par_1_4' title="bbox 8 1229 973 2690">
     <span class='ocr_line' id='line_1_15' title="bbox 46 1229 971 1303; baseline 0.002 -15"><span class='ocrx_word' id='word_1_124' title='bbox 46 1244 126 1288; x_wconf 84' lang='lat' dir='ltr'>uocari</span> <span class='ocrx_word' id='word_1_125' title='bbox 139 1242 216 1284; x_wconf 84' lang='lat' dir='ltr'>uoluit.</span> <span class='ocrx_word' id='word_1_126' title='bbox 240 1240 318 1285; x_wconf 83' lang='lat' dir='ltr'>Vestra</span> <span class='ocrx_word' id='word_1_127' title='bbox 328 1249 400 1286; x_wconf 90' lang='lat' dir='ltr'>autem</span> <span class='ocrx_word' id='word_1_128' title='bbox 415 1229 520 1288; x_wconf 75' lang='lat' dir='ltr'>Sanctitas</span> <span class='ocrx_word' id='word_1_129' title='bbox 534 1253 642 1303; x_wconf 81' lang='lat' dir='ltr'>agnoscat,</span> <span class='ocrx_word' id='word_1_130' title='bbox 656 1251 766 1301; x_wconf 72' lang='lat' dir='ltr'>quantum,</span> <span class='ocrx_word' id='word_1_131' title='bbox 775 1244 833 1301; x_wconf 86' lang='lat' dir='ltr'>apud</span> <span class='ocrx_word' id='word_1_132' title='bbox 846 1257 870 1286; x_wconf 87' lang='lat' dir='ltr'>se</span> <span class='ocrx_word' id='word_1_133' title='bbox 883 1251 971 1300; x_wconf 88' lang='lat' dir='ltr'>tumeat,</span> 
     </span>
     <span class='ocr_line' id='line_1_16' title="bbox 46 1323 972 1385; baseline 0.005 -19"><span class='ocrx_word' id='word_1_134' title='bbox 46 1337 102 1380; x_wconf 84' lang='lat' dir='ltr'>quac</span> <span class='ocrx_word' id='word_1_135' title='bbox 120 1324 165 1368; x_wconf 74' lang='lat' dir='ltr'>illov</span> <span class='ocrx_word' id='word_1_136' title='bbox 180 1323 268 1366; x_wconf 88' lang='lat' dir='ltr'>nomine</span> <span class='ocrx_word' id='word_1_137' title='bbox 291 1325 363 1368; x_wconf 87' lang='lat' dir='ltr'>vocari</span> <span class='ocrx_word' id='word_1_138' title='bbox 384 1327 476 1385; x_wconf 86' lang='lat' dir='ltr'>appetit,</span> <span class='ocrx_word' id='word_1_139' title='bbox 502 1343 545 1385; x_wconf 82' lang='lat' dir='ltr'>quo</span> <span class='ocrx_word' id='word_1_140' title='bbox 564 1329 645 1384; x_wconf 78' lang='lat' dir='ltr'>vocari</span> <span class='ocrx_word' id='word_1_141' title='bbox 661 1327 738 1369; x_wconf 79' lang='lat' dir='ltr'>nullus</span> <span class='ocrx_word' id='word_1_142' title='bbox 756 1328 907 1382; x_wconf 79' lang='lat' dir='ltr'>praesumsit,</span> <span class='ocrx_word' id='word_1_143' title='bbox 933 1330 972 1385; x_wconf 79' lang='lat' dir='ltr'>qui</span> 
     </span>
     <span class='ocr_line' id='line_1_17' title="bbox 47 1387 971 1465; baseline -0.006 -14"><span class='ocrx_word' id='word_1_144' title='bbox 47 1407 163 1451; x_wconf 76' lang='lat' dir='ltr'>ueraciter</span> <span class='ocrx_word' id='word_1_145' title='bbox 177 1411 271 1450; x_wconf 84' lang='lat' dir='ltr'>sauctus</span> <span class='ocrx_word' id='word_1_146' title='bbox 279 1407 348 1464; x_wconf 85' lang='lat' dir='ltr'>suit“</span> <span class='ocrx_word' id='word_1_147' title='bbox 365 1413 406 1449; x_wconf 88' lang='lat' dir='ltr'>etc.</span> <span class='ocrx_word' id='word_1_148' title='bbox 441 1408 491 1451; x_wconf 88' lang='lat' dir='ltr'>Lib.</span> <span class='ocrx_word' id='word_1_149' title='bbox 507 1409 534 1453; x_wconf 91' lang='lat' dir='ltr'>V.</span> <span class='ocrx_word' id='word_1_150' title='bbox 550 1411 611 1465; x_wconf 87' lang='lat' dir='ltr'>epist.</span> <span class='ocrx_word' id='word_1_151' title='bbox 630 1387 664 1450; x_wconf 77' lang='lat'>18.</span> <span class='ocrx_word' id='word_1_152' title='bbox 697 1404 807 1463; x_wconf 83' lang='lat' dir='ltr'>„(Petrus)</span> <span class='ocrx_word' id='word_1_153' title='bbox 823 1392 893 1448; x_wconf 72' lang='lat' dir='ltr'>clav&#39;es</span> <span class='ocrx_word' id='word_1_154' title='bbox 908 1405 971 1461; x_wconf 79' lang='lat' dir='ltr'>regni</span> 
     </span>
     <span class='ocr_line' id='line_1_18' title="bbox 46 1484 973 1548; baseline -0.002 -17"><span class='ocrx_word' id='word_1_155' title='bbox 46 1487 143 1531; x_wconf 86' lang='lat' dir='ltr'>caelestis</span> <span class='ocrx_word' id='word_1_156' title='bbox 157 1484 257 1545; x_wconf 78' lang='lat' dir='ltr'>accepit,</span> <span class='ocrx_word' id='word_1_157' title='bbox 275 1496 369 1548; x_wconf 87' lang='lat' dir='ltr'>potestas</span> <span class='ocrx_word' id='word_1_158' title='bbox 383 1490 403 1532; x_wconf 87' lang='lat' dir='ltr'>ei</span> <span class='ocrx_word' id='word_1_159' title='bbox 419 1489 500 1546; x_wconf 84' lang='lat' dir='ltr'>ligandi</span> <span class='ocrx_word' id='word_1_160' title='bbox 514 1505 539 1533; x_wconf 89' lang='lat' dir='ltr'>ac</span> <span class='ocrx_word' id='word_1_161' title='bbox 555 1488 652 1533; x_wconf 86' lang='lat' dir='ltr'>solvendi</span> <span class='ocrx_word' id='word_1_162' title='bbox 667 1486 780 1542; x_wconf 83' lang='lat' dir='ltr'>tribuitur,</span> <span class='ocrx_word' id='word_1_163' title='bbox 801 1500 854 1529; x_wconf 88' lang='lat' dir='ltr'>cura</span> <span class='ocrx_word' id='word_1_164' title='bbox 870 1487 890 1528; x_wconf 85' lang='lat' dir='ltr'>ei</span> <span class='ocrx_word' id='word_1_165' title='bbox 905 1489 973 1530; x_wconf 89' lang='lat' dir='ltr'>totius</span> 
     </span>
     <span class='ocr_line' id='line_1_19' title="bbox 47 1568 973 1628; baseline 0.001 -17"><span class='ocrx_word' id='word_1_166' title='bbox 47 1569 156 1621; x_wconf 83' lang='lat' dir='ltr'>ecclesiae,</span> <span class='ocrx_word' id='word_1_167' title='bbox 173 1577 195 1613; x_wconf 89' lang='lat' dir='ltr'>et</span> <span class='ocrx_word' id='word_1_168' title='bbox 209 1570 342 1628; x_wconf 85' lang='lat' dir='ltr'>principatus</span> <span class='ocrx_word' id='word_1_169' title='bbox 357 1572 506 1623; x_wconf 86' lang='lat' dir='ltr'>committitur,</span> <span class='ocrx_word' id='word_1_170' title='bbox 527 1577 638 1618; x_wconf 88' lang='lat' dir='ltr'>ettamen</span> <span class='ocrx_word' id='word_1_171' title='bbox 651 1569 790 1612; x_wconf 81' lang='lat' dir='ltr'>universalis</span> <span class='ocrx_word' id='word_1_172' title='bbox 806 1568 915 1624; x_wconf 87' lang='lat' dir='ltr'>apostolus</span> <span class='ocrx_word' id='word_1_173' title='bbox 928 1582 973 1616; x_wconf 89' lang='lat' dir='ltr'>uon</span> 
     </span>
     <span class='ocr_line' id='line_1_20' title="bbox 46 1648 973 1706; baseline 0 -12"><span class='ocrx_word' id='word_1_174' title='bbox 46 1657 145 1706; x_wconf 79' lang='lat' dir='ltr'>vocatur3</span> <span class='ocrx_word' id='word_1_175' title='bbox 165 1658 188 1694; x_wconf 83' lang='lat' dir='ltr'>et</span> <span class='ocrx_word' id='word_1_176' title='bbox 205 1652 238 1696; x_wconf 83' lang='lat' dir='ltr'>vir</span> <span class='ocrx_word' id='word_1_177' title='bbox 252 1654 397 1696; x_wconf 88' lang='lat' dir='ltr'>sanctissimus</span> <span class='ocrx_word' id='word_1_178' title='bbox 411 1648 552 1696; x_wconf 85' lang='lat' dir='ltr'>consacerdos</span> <span class='ocrx_word' id='word_1_179' title='bbox 568 1666 630 1695; x_wconf 88' lang='lat' dir='ltr'>meus</span> <span class='ocrx_word' id='word_1_180' title='bbox 645 1652 738 1694; x_wconf 79' lang='lat' dir='ltr'>ioannes</span> <span class='ocrx_word' id='word_1_181' title='bbox 752 1651 824 1695; x_wconf 81' lang='lat' dir='ltr'>vocari</span> <span class='ocrx_word' id='word_1_182' title='bbox 845 1650 973 1695; x_wconf 83' lang='lat' dir='ltr'>universalis</span> 
     </span>
     <span class='ocr_line' id='line_1_21' title="bbox 45 1732 972 1790; baseline 0.002 -17"><span class='ocrx_word' id='word_1_183' title='bbox 45 1732 158 1787; x_wconf 87' lang='lat' dir='ltr'>episcopus</span> <span class='ocrx_word' id='word_1_184' title='bbox 174 1740 271 1776; x_wconf 87' lang='lat' dir='ltr'>conatur.</span> <span class='ocrx_word' id='word_1_185' title='bbox 302 1735 431 1778; x_wconf 83' lang='lat' dir='ltr'>Exclamare</span> <span class='ocrx_word' id='word_1_186' title='bbox 447 1733 566 1790; x_wconf 87' lang='lat' dir='ltr'>compellor</span> <span class='ocrx_word' id='word_1_187' title='bbox 579 1747 604 1776; x_wconf 89' lang='lat' dir='ltr'>ac</span> <span class='ocrx_word' id='word_1_188' title='bbox 620 1733 715 1775; x_wconf 77' lang='lat' dir='ltr'>dicere:¹</span> <span class='ocrx_word' id='word_1_189' title='bbox 737 1732 876 1789; x_wconf 90' lang='lat' dir='ltr'>Otempora,</span> <span class='ocrx_word' id='word_1_190' title='bbox 893 1747 906 1775; x_wconf 92' lang='grc' dir='ltr'>ο</span> <span class='ocrx_word' id='word_1_191' title='bbox 921 1747 972 1775; x_wconf 87' lang='lat' dir='ltr'>mc-</span> 
     </span>
     <span class='ocr_line' id='line_1_22' title="bbox 8 1802 970 1870; baseline 0.003 -16"><span class='ocrx_word' id='word_1_192' title='bbox 8 1802 10 1804; x_wconf 50' lang='grc'><strong>’</strong></span> <span class='ocrx_word' id='word_1_193' title='bbox 46 1812 105 1855; x_wconf 85' lang='lat' dir='ltr'>res!“</span> <span class='ocrx_word' id='word_1_194' title='bbox 134 1812 183 1855; x_wconf 91' lang='lat' dir='ltr'>Lib.</span> <span class='ocrx_word' id='word_1_195' title='bbox 196 1812 224 1857; x_wconf 85' lang='lat' dir='ltr'>V.</span> <span class='ocrx_word' id='word_1_196' title='bbox 247 1815 308 1870; x_wconf 85' lang='lat' dir='ltr'>epist.</span> <span class='ocrx_word' id='word_1_197' title='bbox 324 1826 359 1854; x_wconf 82' lang='lat'>20.</span> <span class='ocrx_word' id='word_1_198' title='bbox 395 1811 541 1856; x_wconf 82' lang='lat' dir='ltr'>Conferantur</span> <span class='ocrx_word' id='word_1_199' title='bbox 557 1813 606 1856; x_wconf 87' lang='lat' dir='ltr'>loca</span> <span class='ocrx_word' id='word_1_200' title='bbox 621 1813 664 1869; x_wconf 84' lang='lat' dir='ltr'>jam</span> <span class='ocrx_word' id='word_1_201' title='bbox 680 1812 782 1867; x_wconf 85' lang='lat' dir='ltr'>allegata,</span> <span class='ocrx_word' id='word_1_202' title='bbox 802 1812 879 1868; x_wconf 90' lang='lat' dir='ltr'>quibus</span> <span class='ocrx_word' id='word_1_203' title='bbox 894 1814 970 1870; x_wconf 92' lang='lat' dir='ltr'>ponti-</span> 
     </span>
     <span class='ocr_line' id='line_1_23' title="bbox 46 1892 836 1949; baseline -0.001 -12"><span class='ocrx_word' id='word_1_204' title='bbox 46 1894 96 1938; x_wconf 86' lang='lat' dir='ltr'>fices</span> <span class='ocrx_word' id='word_1_205' title='bbox 111 1896 220 1939; x_wconf 88' lang='lat' dir='ltr'>Romanos</span> <span class='ocrx_word' id='word_1_206' title='bbox 233 1895 320 1939; x_wconf 89' lang='lat' dir='ltr'>titulum</span> <span class='ocrx_word' id='word_1_207' title='bbox 334 1895 374 1939; x_wconf 91' lang='lat' dir='ltr'>sibi</span> <span class='ocrx_word' id='word_1_208' title='bbox 391 1895 487 1938; x_wconf 89' lang='lat' dir='ltr'>oblatum</span> <span class='ocrx_word' id='word_1_209' title='bbox 502 1894 608 1949; x_wconf 85' lang='lat' dir='ltr'>respuisse</span> <span class='ocrx_word' id='word_1_210' title='bbox 622 1892 723 1936; x_wconf 86' lang='lat' dir='ltr'>affirmat.</span> <span class='ocrx_word' id='word_1_211' title='bbox 769 1927 771 1930; x_wconf 85' lang='lat'>.</span> <span class='ocrx_word' id='word_1_212' title='bbox 833 1912 836 1915; x_wconf 92' lang='lat'><em>·</em></span> 
     </span>
     <span class='ocr_line' id='line_1_24' title="bbox 75 1976 972 2036; baseline -0.002 -14"><span class='ocrx_word' id='word_1_213' title='bbox 75 1996 78 1999; x_wconf 85' lang='lat'>·</span> <span class='ocrx_word' id='word_1_214' title='bbox 108 1984 130 2026; x_wconf 85' lang='grc'>4.</span> <span class='ocrx_word' id='word_1_215' title='bbox 154 1978 243 2022; x_wconf 86' lang='lat' dir='ltr'>Statutis</span> <span class='ocrx_word' id='word_1_216' title='bbox 259 1979 387 2035; x_wconf 83' lang='lat' dir='ltr'>evangelicis</span> <span class='ocrx_word' id='word_1_217' title='bbox 403 1983 425 2020; x_wconf 87' lang='lat' dir='ltr'>et</span> <span class='ocrx_word' id='word_1_218' title='bbox 441 1978 563 2036; x_wconf 83' lang='lat' dir='ltr'>praeceptis</span> <span class='ocrx_word' id='word_1_219' title='bbox 577 1976 685 2019; x_wconf 85' lang='lat' dir='ltr'>canonicis</span> <span class='ocrx_word' id='word_1_220' title='bbox 699 1976 825 2021; x_wconf 86' lang='lat' dir='ltr'>adversatur</span> <span class='ocrx_word' id='word_1_221' title='bbox 838 1977 879 2021; x_wconf 90' lang='lat' dir='ltr'>ista</span> <span class='ocrx_word' id='word_1_222' title='bbox 894 1978 972 2035; x_wconf 84' lang='lat' dir='ltr'>appel-</span> 
     </span>
     <span class='ocr_line' id='line_1_25' title="bbox 45 2058 796 2119; baseline 0.004 -20"><span class='ocrx_word' id='word_1_223' title='bbox 45 2059 104 2113; x_wconf 80' lang='lat' dir='ltr'>latio,</span> <span class='ocrx_word' id='word_1_224' title='bbox 121 2074 189 2119; x_wconf 81' lang='lat' dir='ltr'>eaque</span> <span class='ocrx_word' id='word_1_225' title='bbox 205 2073 305 2103; x_wconf 84' lang='lat' dir='ltr'>concessa</span> <span class='ocrx_word' id='word_1_226' title='bbox 323 2060 436 2105; x_wconf 81' lang='lat' dir='ltr'>uniuersae</span> <span class='ocrx_word' id='word_1_227' title='bbox 455 2060 558 2103; x_wconf 88' lang='lat' dir='ltr'>ecclesiae</span> <span class='ocrx_word' id='word_1_228' title='bbox 571 2058 626 2102; x_wconf 84' lang='lat' dir='ltr'>fidos</span> <span class='ocrx_word' id='word_1_229' title='bbox 642 2060 796 2118; x_wconf 88' lang='lat' dir='ltr'>corrumpitur.</span> 
     </span>
     <span class='ocr_line' id='line_1_26' title="bbox 106 2139 968 2199; baseline -0.002 -18"><span class='ocrx_word' id='word_1_230' title='bbox 106 2141 265 2195; x_wconf 84' lang='lat' dir='ltr'>„Pensemus“,</span> <span class='ocrx_word' id='word_1_231' title='bbox 285 2143 361 2184; x_wconf 83' lang='lat' dir='ltr'>loanni</span> <span class='ocrx_word' id='word_1_232' title='bbox 382 2142 483 2199; x_wconf 87' lang='lat' dir='ltr'>episcopo</span> <span class='ocrx_word' id='word_1_233' title='bbox 503 2141 739 2196; x_wconf 84' lang='lat' dir='ltr'>Constantinopolitano</span> <span class='ocrx_word' id='word_1_234' title='bbox 762 2140 847 2197; x_wconf 88' lang='lat' dir='ltr'>scripsit</span> <span class='ocrx_word' id='word_1_235' title='bbox 867 2139 889 2182; x_wconf 91' lang='lat' dir='ltr'>in</span> <span class='ocrx_word' id='word_1_236' title='bbox 908 2139 968 2195; x_wconf 93' lang='lat' dir='ltr'>epist.</span> 
     </span>
     <span class='ocr_line' id='line_1_27' title="bbox 46 2220 968 2281; baseline 0.001 -19"><span class='ocrx_word' id='word_1_237' title='bbox 46 2221 132 2265; x_wconf 78' lang='lat' dir='ltr'>lactata</span> <span class='ocrx_word' id='word_1_238' title='bbox 149 2220 184 2278; x_wconf 75' lang='lat' dir='ltr'>(V.</span> <span class='ocrx_word' id='word_1_239' title='bbox 201 2221 245 2281; x_wconf 83' lang='lat'>18.)</span> <span class='ocrx_word' id='word_1_240' title='bbox 260 2224 326 2280; x_wconf 84' lang='lat' dir='ltr'>„quid</span> <span class='ocrx_word' id='word_1_241' title='bbox 343 2237 381 2264; x_wconf 88' lang='lat' dir='ltr'>nos</span> <span class='ocrx_word' id='word_1_242' title='bbox 397 2230 512 2279; x_wconf 88' lang='lat' dir='ltr'>praecepta</span> <span class='ocrx_word' id='word_1_243' title='bbox 526 2222 657 2264; x_wconf 87' lang='lat' dir='ltr'>admoneant</span> <span class='ocrx_word' id='word_1_244' title='bbox 673 2221 810 2264; x_wconf 86' lang='lat' dir='ltr'>Redemtcris</span> <span class='ocrx_word' id='word_1_245' title='bbox 827 2222 905 2274; x_wconf 87' lang='lat' dir='ltr'>nostri,</span> <span class='ocrx_word' id='word_1_246' title='bbox 931 2222 968 2263; x_wconf 86' lang='lat' dir='ltr'>‹ti-</span> 
     </span>
     <span class='ocr_line' id='line_1_28' title="bbox 46 2299 970 2363; baseline 0.001 -18"><span class='ocrx_word' id='word_1_247' title='bbox 46 2304 113 2346; x_wconf 88' lang='lat' dir='ltr'>centis</span> <span class='ocrx_word' id='word_1_248' title='bbox 135 2299 263 2362; x_wconf 53' lang='lat' dir='ltr'>(Matthab,</span> <span class='ocrx_word' id='word_1_249' title='bbox 279 2303 318 2363; x_wconf 83' lang='lat'>5.)·.</span> <span class='ocrx_word' id='word_1_250' title='bbox 340 2305 408 2348; x_wconf 85' lang='lat' dir='ltr'>Beati</span> <span class='ocrx_word' id='word_1_251' title='bbox 424 2317 544 2361; x_wconf 78' lang='lat' dir='ltr'>pauperes</span> <span class='ocrx_word' id='word_1_252' title='bbox 566 2305 661 2361; x_wconf 74' lang='lat' dir='ltr'>spriritu,</span> <span class='ocrx_word' id='word_1_253' title='bbox 688 2304 793 2361; x_wconf 68' lang='lat' dir='ltr'>quostiam</span> <span class='ocrx_word' id='word_1_254' title='bbox 814 2304 913 2360; x_wconf 66' lang='lat' dir='ltr'>iptsorum</span> <span class='ocrx_word' id='word_1_255' title='bbox 933 2308 970 2346; x_wconf 85' lang='lat' dir='ltr'>eat</span> 
     </span>
     <span class='ocr_line' id='line_1_29' title="bbox 46 2383 971 2444; baseline 0.001 -17"><span class='ocrx_word' id='word_1_256' title='bbox 46 2398 143 2443; x_wconf 80' lang='lat' dir='ltr'>reguum</span> <span class='ocrx_word' id='word_1_257' title='bbox 164 2387 285 2430; x_wconf 81' lang='lat' dir='ltr'>coelorum.</span> <span class='ocrx_word' id='word_1_258' title='bbox 327 2386 386 2429; x_wconf 89' lang='lat' dir='ltr'>Hinc</span> <span class='ocrx_word' id='word_1_259' title='bbox 408 2387 473 2430; x_wconf 89' lang='lat' dir='ltr'>ctiam</span> <span class='ocrx_word' id='word_1_260' title='bbox 496 2399 536 2443; x_wconf 86' lang='lat' dir='ltr'>per</span> <span class='ocrx_word' id='word_1_261' title='bbox 556 2386 687 2444; x_wconf 84' lang='lat' dir='ltr'>Prophetam</span> <span class='ocrx_word' id='word_1_262' title='bbox 711 2386 772 2443; x_wconf 87' lang='lat' dir='ltr'>(lsai.</span> <span class='ocrx_word' id='word_1_263' title='bbox 794 2385 829 2440; x_wconf 79' lang='lat' dir='ltr'>bb,</span> <span class='ocrx_word' id='word_1_264' title='bbox 847 2383 882 2444; x_wconf 81' lang='lat'>2.)</span> <span class='ocrx_word' id='word_1_265' title='bbox 905 2385 971 2428; x_wconf 73' lang='lat' dir='ltr'>dicit:</span> 
     </span>
     <span class='ocr_line' id='line_1_30' title="bbox 47 2466 970 2527; baseline 0.001 -17"><span class='ocrx_word' id='word_1_266' title='bbox 47 2466 122 2524; x_wconf 79' lang='lat' dir='ltr'>Super</span> <span class='ocrx_word' id='word_1_267' title='bbox 143 2481 207 2524; x_wconf 80' lang='lat' dir='ltr'>quem</span> <span class='ocrx_word' id='word_1_268' title='bbox 224 2470 352 2525; x_wconf 79' lang='lat' dir='ltr'>requiescet</span> <span class='ocrx_word' id='word_1_269' title='bbox 368 2469 463 2524; x_wconf 77' lang='lat' dir='ltr'>spiritus</span> <span class='ocrx_word' id='word_1_270' title='bbox 476 2483 548 2522; x_wconf 88' lang='lat' dir='ltr'>meus,</span> <span class='ocrx_word' id='word_1_271' title='bbox 563 2471 607 2513; x_wconf 84' lang='lat' dir='ltr'>nisi</span> <span class='ocrx_word' id='word_1_272' title='bbox 622 2468 810 2527; x_wconf 70' lang='lat' dir='ltr'>superlectilem</span> <span class='ocrx_word' id='word_1_273' title='bbox 823 2474 846 2512; x_wconf 88' lang='lat' dir='ltr'>et</span> <span class='ocrx_word' id='word_1_274' title='bbox 860 2469 970 2525; x_wconf 72' lang='lat' dir='ltr'>quietum,</span> 
     </span>
     <span class='ocr_line' id='line_1_31' title="bbox 46 2547 971 2607; baseline -0.001 -16"><span class='ocrx_word' id='word_1_275' title='bbox 46 2555 68 2592; x_wconf 87' lang='lat' dir='ltr'>et</span> <span class='ocrx_word' id='word_1_276' title='bbox 87 2552 218 2594; x_wconf 84' lang='lat' dir='ltr'>trementem</span> <span class='ocrx_word' id='word_1_277' title='bbox 241 2562 357 2592; x_wconf 83' lang='lat' dir='ltr'>sermones</span> <span class='ocrx_word' id='word_1_278' title='bbox 375 2547 454 2591; x_wconf 79' lang='lat' dir='ltr'>meos?</span> <span class='ocrx_word' id='word_1_279' title='bbox 495 2550 561 2593; x_wconf 86' lang='lat' dir='ltr'>Certe</span> <span class='ocrx_word' id='word_1_280' title='bbox 582 2558 647 2607; x_wconf 88' lang='lat' dir='ltr'>quurn</span> <span class='ocrx_word' id='word_1_281' title='bbox 667 2550 772 2593; x_wconf 90' lang='lat' dir='ltr'>Dominus</span> <span class='ocrx_word' id='word_1_282' title='bbox 792 2550 820 2592; x_wconf 88' lang='lat' dir='ltr'>ad</span> <span class='ocrx_word' id='word_1_283' title='bbox 841 2550 971 2593; x_wconf 90' lang='lat' dir='ltr'>humilitatis</span> 
     </span>
     <span class='ocr_line' id='line_1_32' title="bbox 45 2621 969 2690; baseline -0.002 -17"><span class='ocrx_word' id='word_1_284' title='bbox 45 2630 101 2673; x_wconf 81' lang='lat' dir='ltr'>viam</span> <span class='ocrx_word' id='word_1_285' title='bbox 115 2630 185 2674; x_wconf 83' lang='lat' dir='ltr'>adhuc</span> <span class='ocrx_word' id='word_1_286' title='bbox 196 2630 325 2674; x_wconf 88' lang='lat' dir='ltr'>infirmantia</span> <span class='ocrx_word' id='word_1_287' title='bbox 337 2629 489 2687; x_wconf 86' lang='lat' dir='ltr'>discipulorum</span> <span class='ocrx_word' id='word_1_288' title='bbox 504 2633 569 2675; x_wconf 87' lang='lat' dir='ltr'>corda</span> <span class='ocrx_word' id='word_1_289' title='bbox 580 2621 701 2685; x_wconf 81' lang='lat' dir='ltr'>reduceret,</span> <span class='ocrx_word' id='word_1_290' title='bbox 712 2632 766 2675; x_wconf 82' lang='lat' dir='ltr'>dixit</span> <span class='ocrx_word' id='word_1_291' title='bbox 777 2631 866 2690; x_wconf 74' lang='lat' dir='ltr'>(Marah.</span> <span class='ocrx_word' id='word_1_292' title='bbox 876 2645 913 2685; x_wconf 78' lang='lat' dir='ltr'>eo,</span> <span class='ocrx_word' id='word_1_293' title='bbox 923 2632 969 2686; x_wconf 60' lang='lat' dir='ltr'>opp</span> 
     </span>
    </p>
   </div>
   <div class='ocr_carea' id='block_1_5' title="bbox 47 2709 968 2840">
    <p class='ocr_par' dir='ltr' id='par_1_5' title="bbox 47 2709 968 2840">
     <span class='ocr_line' id='line_1_33' title="bbox 47 2709 968 2770; baseline 0.012 -19"><span class='ocrx_word' id='word_1_294' title='bbox 47 2709 73 2751; x_wconf 70' lang='lat' dir='ltr'>St</span> <span class='ocrx_word' id='word_1_295' title='bbox 95 2714 144 2767; x_wconf 87' lang='lat' dir='ltr'>qais</span> <span class='ocrx_word' id='word_1_296' title='bbox 166 2715 213 2756; x_wconf 84' lang='lat' dir='ltr'>uult</span> <span class='ocrx_word' id='word_1_297' title='bbox 234 2715 292 2757; x_wconf 83' lang='lat' dir='ltr'>inter</span> <span class='ocrx_word' id='word_1_298' title='bbox 313 2728 352 2756; x_wconf 84' lang='lat' dir='ltr'>vos</span> <span class='ocrx_word' id='word_1_299' title='bbox 371 2713 461 2770; x_wconf 80' lang='lat' dir='ltr'>primus</span> <span class='ocrx_word' id='word_1_300' title='bbox 482 2726 544 2765; x_wconf 86' lang='lat' dir='ltr'>esse,</span> <span class='ocrx_word' id='word_1_301' title='bbox 568 2713 612 2756; x_wconf 85' lang='lat' dir='ltr'>erit</span> <span class='ocrx_word' id='word_1_302' title='bbox 626 2715 722 2757; x_wconf 38' lang='lat' dir='ltr'>omfnium</span> <span class='ocrx_word' id='word_1_303' title='bbox 738 2718 849 2761; x_wconf 78' lang='lat' dir='ltr'>mtnimua.</span> <span class='ocrx_word' id='word_1_304' title='bbox 883 2714 933 2769; x_wconf 60' lang='lat' dir='ltr'>Qua</span> <span class='ocrx_word' id='word_1_305' title='bbox 946 2712 968 2752; x_wconf 72' lang='lat' dir='ltr'>ln</span> 
     </span>
     <span class='ocr_line' id='line_1_34' title="bbox 616 2796 671 2840; baseline 0.036 -2"><span class='ocrx_word' id='word_1_306' title='bbox 616 2796 637 2838; x_wconf 93' lang='lat' dir='ltr'>D</span> <span class='ocrx_word' id='word_1_307' title='bbox 659 2810 671 2840; x_wconf 81' lang='lat'><strong>2</strong></span> 
     </span>
    </p>
   </div>
   <div class='ocr_carea' id='block_1_6' title="bbox 0 0 1004 2998">
    <p class='ocr_par' dir='ltr' id='par_1_6' title="bbox 0 0 1004 2998">
     <span class='ocr_line' id='line_1_35' title="bbox 0 0 1004 2998; baseline 0 0"><span class='ocrx_word' id='word_1_308' title='bbox 0 0 1004 2998; x_wconf 95' lang='lat' dir='ltr'> </span> 
     </span>
    </p>
   </div>
  </div>
 </body>
</html>
