1993 3239
12 219 17 231 «
56 163 126 245 Post
139 180 435 241 conciliumAruusic'unnm
450 195 574 240 secundnm
590 203 612 241 et
631 194 776 240 Valentinum
787 181 894 246 'ter-lium,
921 206 975 237 con-

56 274 104 320 cilia
120 277 288 321 illaGallicana
298 292 353 321 antro
373 281 424 335 529.
440 277 523 331 babitu,
546 292 636 336 quorum
655 280 742 323 decreta
758 266 975 335 pontilicis'Romani

17 382 24 391 ν
56 347 182 404 auctoritate
195 360 319 404 confirmata
337 367 405 413 erant,
424 362 594 413 controversiae,
617 375 671 416 quae
686 362 797 413 dicuntur,
816 357 982 415 Semipelagia-'

55 443 203 500 naepertria
216 441 488 492 saeculaobmutuerunt,
507 440 577 482 donec
594 440 747 485 Godesculeus
764 440 923 484 saeculonono
939 434 981 481 eas

51 514 116 581 quasi
130 525 274 568 resuscitaret.
308 520 352 563 Per
371 519 413 563 hoe
428 519 515 576 longum
533 520 635 576 temporis
654 522 744 577 spatium
761 520 881 576 Augustino
901 521 974 564 maxi—

56 620 103 650 mus
119 593 190 649 hono'r
211 602 298 658 quidem
312 600 460 655 babitusest,
488 615 605 657 omnesque
621 601 723 644 eeclesiae
740 602 857 646 catholicae
875 603 974 645 doctores

55 689 101 744 ejus
118 671 250 728 memoriam
265 678 348 725 summa
364 678 487 726 reverentia
508 682 616 738 prosecuti
636 688 696 735 sunt,
727 683 764 725 sed
783 698 825 726 non
843 695 919 727 omnes
936 682 976 727 hos

56 770 155 811 doctores
169 779 219 808 eum
233 764 270 806 illo
287 770 372 820 patrum
387 761 520 806 Latinorum
530 762 594 806 facile
609 764 705 821 principe
720 765 742 806 in
757 765 915 821 quaestionibus
933 768 983 807 an-'

25 899 30 908 1
55 839 209 904 tlrropologicis
225 845 253 889 de
266 851 324 887 statu
341 844 433 887 hominis
450 844 570 901 primitivo,
588 845 616 887 de
628 852 716 901 peccato
733 838 839 901 originali,
862 846 977 903 delibero

57 928 153 980 arbitrio,
170 926 250 983 gratia,
266 925 461 983 praedestinatione
478 933 500 970 et
514 925 653 992 redemtionis
668 926 749 970 ambitu
766 927 905 982 consensisse,
923 942 974 984 eos-

56 1023 99 1068 que
117 1009 154 1054 vel
168 1009 245 1052 inscios
265 1009 288 1050 in
305 1006 500 1063 Semipelagiuuom
521 1006 620 1050 haeresin
638 1022 703 1066 saepe
721 1009 829 1063 incidisse,
853 1009 974 1066 accuratius

43 1090 158 1136 'historiae
173 1091 299 1145 dogmatum
314 1089 409 1132 studium
428 1088 497 1131 docet.

116 1173 148 1216 Ut
162 1158 295 1227 temporibus
314 1169 464 1223 subsistamus,
492 1183 547 1226 quae
561 1170 650 1213 concilia
667 1171 704 1214 illa
716 1171 830 1215 Gallicana
846 1169 918 1214 statim
935 1183 976 1212 ex-

42 1254 175 1313 cipiebant,
204 1252 341 1310 Fulgentius
358 1250 494 1293 Ferrundus
511 1251 598 1307 quidem
620 1259 642 1295 et
659 1253 783 1296 Facundos
801 1252 976 1296 Hermionensr's

57 1329 169 1391 Augustini
179 1334 267 1390 vestigia
278 1339 409 1390 presserunt,
426 1330 471 1374 sed
479 1333 522 1388 jam
538 1333 639 1393 Junilius
654 1342 683 1379 et
691 1335 821 1392 Gregorius
838 1334 976 1377 Turonensis

58 1417 84 1458 ab
100 1430 125 1458 eo
139 1415 259 1458 discessisse
276 1415 383 1458 videntur.
411 1413 459 1469 lpse
473 1413 585 1466 Jusnnus,
603 1416 639 1473 qui
652 1416 770 1458 lastiniano
784 1417 807 1457 iu
816 1415 907 1472 imperio
922 1426 975 1471 suc—

36 1524 38 1528 1
58 1477 127 1550 cessit,
143 1496 166 1538 in
180 1496 278 1540 haeresin
295 1495 440 1551 Pelagianam,
456 1494 562 1550 Gregorio
577 1496 699 1539 Turonensi
716 1496 773 1555 (bist.
786 1497 923 1539 Francorum
938 1492 977 1538 lV.

54 1593 76 1622 e.
96 1576 141 1637 55.)
158 1584 218 1631 teste,
237 1578 336 1621 incidisse
352 1576 429 1620 fertur.
722 1571 724 1575 ’

120 1660 257 1718 Fulgentius
270 1643 415 1711 Ferrnnulus,
430 1657 532 1700 diaconus
545 1657 726 1714 Carthaginiensis
741 1659 881 1712 doctissimus,
897 1656 933 1714 qui
950 1657 979 1699 ad

58 1741 218 1783 instaurandam
236 1740 339 1782 ecclcsiae
358 1737 472 1783 Africanae
490 1728 567 1794 regum
587 1740 733 1784 Vandalcrum
749 1740 838 1786 scentia
856 1737 977 1782 labefacta-

58 1829 94 1864 tae
108 1820 247 1875 disciplinam,
264 1832 369 1860 canonum
387 1819 525 1860 conciliorum
539 1821 673 1874 quorundam
694 1822 764 1876 quarti
779 1830 801 1865 ct
817 1820 885 1877 quinti
896 1819 977 1861 saeculi

58 1915 174 1954 summam,
207 1899 246 1942 sub
261 1899 323 1941 titulo
339 1913 449 1941 curionum
464 1898 611 1943 breviationis
626 1901 722 1957 redegit,
747 1908 768 1943 et
786 1901 851 1943 vitam
867 1900 978 1957 Fulgentii

60 1984 155 2042 episcopi
166 1981 291 2039 Ruspensis,
308 1980 402 2036 magistri
418 1979 460 2032 sui,
476 1980 533 2022 eirca
548 1995 627 2025 annum
644 1983 695 2038 547.
712 1983 862 2040 conscripsisse
875 1982 981 2040 perhibe·

59 2072 106 2117 tur,
126 2067 184 2108 hune
200 2077 286 2121 quoque
302 2064 325 2105 in
343 2062 440 2105 doctrina
456 2060 569 2118 Augustini
590 2063 766 2125 anthropologica
789 2065 943 2122 amplectenda¹
958 2061 980 2107 et

59 2146 140 2190 tuenda
158 2147 235 2187 ducem
256 2144 296 2186 sibi
317 2144 388 2199 clegit.
424 2142 486 2185 Haeo
508 2145 566 2186 euim
591 2123 697 2188 sentiendi
717 2146 804 2194 retice
824 2147 908 2204 scriptis
928 2146 978 2198 suis,

60 2222 115 2284 quae
129 2225 262 2269 ad'aetatem
280 2231 374 2266 nostram
391 2230 547 2279 pervenerunt,
573 2228 621 2267 et'a
639 2226 739 2268 Chilletio
755 2227 836 2270 lesuitu
854 2228 939 2269 collecta
956 2232 979 2269 et

60 2308 152 2350 Divione
169 2308 234 2362 1649.
250 2308 274 2352 A.
292 2306 356 2358 edita,
372 2313 419 2349 tum
435 2310 507 2347 autem
522 2304 544 2346 in
563 2305 672 2349 Gallandii
686 2307 816 2352 bibliotheca
830 2310 856 2352 Τ.
864 2307 900 2351 Xl.
917 2307 979 2352 novis

62 2387 118 2430 curis
136 2387 192 2442 typis
209 2365 315 2444 descripta
329 2395 389 2440 sunt,
407 2384 521 2430 manifesto
535 2393 600 2444 patet.

126 2468 145 2510 E
161 2467 243 2522 seriptis
259 2469 376 2525 Fulgentit
393 2468 511 2528 Ferrundi
524 2471 551 2512 ad
569 2484 616 2513 rem
630 2477 723 2515 nostram
739 2473 830 2515 maxime
844 2468 981 2514 faciantn-

61 2552 124 2596 vendi
142 2556 257 2606 praecepta
273 2548 398 2598 christiana,
432 2563 487 2606 quae
508 2552 567 2594 dedit
587 2554 671 2608 Regino
693 2554 773 2605 conniti,
806 2565 873 2608 quem
893 2547 981 2593 Africae

60 2631 222 2689 septentrionali
236 2629 370 2688 praefectum
386 2629 451 2672 fuisse
467 2632 579 2687 probabile
593 2641 630 2677 est.
661 2634 722 2689 Apud
739 2633 879 2676 Gennadium
897 2647 917 2689 p.
935 2631 979 2673 564

61 2728 120 2771 seqq.
136 2719 166 2749 -'
196 2713 258 2760 Haec
271 2721 393 2772 praecepta,
409 2711 486 2770 quibus
503 2706 644 2772 respondetur
657 2714 684 2757 ud
704 2717 852 2772 quaestionem
866 2712 980 2770 Fulgentio

661 2795 730 2841 Aa
