1999 2998
447 75 573 143 „up-

479 196 498 257 a.
518 198 539 241 4.

114 278 138 322 0.
155 276 220 324 Bonis
234 275 352 321 moralibus
371 278 435 337 primi
451 277 544 325 hominis
562 286 612 323 ante
626 279 710 338 lapsum
728 275 851 333 Gregorius
868 275 974 320 adnume-

48 360 110 408 rabat
122 360 216 404 liberum
228 359 342 404 arbitrium
360 360 451 417 plenum
464 369 487 406 et
500 360 634 419 perfectum,
651 362 723 404 itaut
741 360 855 403 hominem
876 358 900 401 in
916 364 974 402 statu

47 428 156 502 primitivo
170 442 227 487 dena
242 454 335 485 servam
351 441 462 497 appellare
477 454 520 484 non
530 434 531 438 ’
541 441 657 501 dubitaret.¹
696 441 771 500 Nihilo
788 442 860 485 secius
877 441 973 484 liberum

48 526 161 571 arbitrium
178 522 297 576 identidem
317 519 349 563 ita
370 521 518 574 describebat,
546 529 571 566 ut
588 528 645 565 esset
660 519 751 566 facultas
767 524 872 581 peccandi
889 530 912 567 et
928 535 973 565 nou

47 606 162 665 peccandi..
188 603 261 647 Homo
276 601 360 658 primus
372 608 468 659 poterat
480 618 524 648 non
538 616 635 661 peccare,
649 602 688 646 sed
703 617 746 646 non
761 605 791 648 ita
802 605 902 648 conditus
917 611 970 657 erat,

47 696 73 733 ut
90 702 143 741 non,
149 690 227 744 posset
243 696 342 742 peccare.
378 685 417 728 sin
440 685 463 727 in
481 692 538 729 statu
557 686 667 743 primitiVo
682 693 852 741 persever-asset,
881 679 910 730 τὸ
927 697 972 730 non

45 783 109 825 posse
124 772 215 824 peccare
230 767 250 808 ei
263 772 287 808 ut
302 763 424 821 praemium
438 764 522 809 vlrtutis
537 781 550 810 a
563 767 612 810 Deo
623 750 726 810 collatum
742 773 804 811 esset.

112 846 146 891 Aa
165 845 330 903 repugnantiam
351 844 481 899 tollendam,
510 861 566 903 quae
583 849 640 892 inter
662 848 825 891 enunciationes
845 847 926 903 „homo
945 847 969 890 ln

47 936 103 974 statu
120 929 228 986 primitivo
245 926 301 969 bene
320 939 404 969 seruus
421 928 483 969 erau‘
504 934 526 971 et
542 931 638 986 „primus
655 930 722 972 homo
735 943 837 988 peccare
848 919 969 988 poterut,“

46 1011 182 1056 intercedere
195 1009 290 1063 videtur,
315 1014 349 1051 est
363 1001 494 1063 notandum,
513 1009 606 1055 liberum
624 1011 737 1055 arbitrium
754 1011 776 1054 in
792 1019 883 1067 utraque
897 1023 969 1054 enun-

46 1093 137 1137 ciatioue
156 1092 240 1137 direrso
251 1103 316 1133 sensu
331 1089 393 1133 sumi.
426 1089 515 1145 „Homo
534 1097 581 1134 erat
596 1090 651 1134 bene
666 1095 757 1137 servus“
775 1093 798 1136 id
812 1093 840 1136 ad
858 1090 970 1135 hominem

45 1180 136 1231 spectat,
150 1174 168 1215 si
182 1173 278 1216 de'statu
295 1172 342 1227 ejus
361 1174 411 1213 ante
426 1172 642 1228 praeuaricationem,
658 1174 681 1216 iu
698 1188 743 1229 quo
762 1172 790 1215 ab
806 1173 866 1216 omni
882 1177 971 1229 peccato

45 1253 101 1297 liber
120 1262 177 1308 erat,
200 1252 322 1310 quaeritur,
343 1237 440 1307 „primus
458 1252 524 1295 homo
542 1259 626 1308 poterat
643 1255 750 1309 peccare“
774 1254 798 1297 id
816 1253 844 1297 ad
859 1253 970 1297 hominem

45 1343 135 1393 spectat,
150 1337 167 1379 si
181 1337 209 1378 de
223 1333 334 1387 facultate,
354 1346 397 1389 qua
415 1334 526 1390 praeditus
541 1342 594 1389 erat,
610 1334 727 1391 quaeritur.

106 1418 165 1460 Loca
186 1415 312 1474 praecipua,
348 1427 404 1470 quae
430 1415 458 1457 de
482 1415 552 1459 libero
575 1415 668 1459 nomime
691 1414 757 1473 primi
780 1415 869 1460 arbitrio
893 1423 967 1472 agunt,

44 1498 99 1541 haec
116 1500 172 1542 suilt.

106 1578 157 1634 „Sic
171 1577 267 1620 mortalis
284 1582 317 1619 est
333 1576 433 1620 conditus
450 1598 480 1629 -φ-
496 1583 564 1620 ut-
579 1590 609 1621 aa
625 1578 706 1620 merito
722 1576 790 1621 libert
801 1574 898 1620 aaaron
914 1574 970 1620 bea-

44 1659 158 1701 titudinem
172 1659 228 1701 illius
242 1658 337 1714 regionis
355 1657 477 1718 attingeret,
491 1659 514 1701 ln
530 1672 572 1715 qua
586 1680 615 1691 —
627 1672 730 1716 peecare
746 1679 776 1691 —
793 1671 837 1701 non
846 1662 969 1715 'posset-

44 1738 129 1795 Quietis
144 1739 251 1781 silentium
267 1731 335 1780 homo
348 1739 446 1781 conditus
460 1739 542 1791 habuit,
559 1753 624 1795 quum
640 1745 715 1782 contra
730 1738 816 1780 hostem
831 1751 894 1779 suum
911 1737 967 1781 etbe-

43 1833 96 1863 rum
117 1820 240 1863 uoluntatis·
259 1817 381 1861 arbitrium
404 1818 493 1873 accepit.
533 1819 574 1862 Oui
599 1819 648 1875 quia
673 1832 719 1861 sua
742 1823 821 1875 sponte
844 1817 964 1872 succubuit,

44 1914 96 1944 mon
111 1901 139 1943 de
153 1914 176 1942 se
193 1888 251 1956 quod
267 1905 344 1961 contra
360 1911 383 1940 se
398 1905 558 1955 perstreperet,
581 1899 673 1954 Invenit,
692 1913 746 1942 mox
758 1899 913 1942 incertamme
928 1899 965 1942 inm

43 1981 151 2025 firmitatis
165 1980 268 2026 tumultus
282 1979 376 2038 reperit3
395 1986 417 2023 et
432 1981 529 2036 quamvis
545 1983 641 2040 topace
654 1981 740 2024 silentii
758 1980 788 2023 ab
804 1986 898 2024 auctore
906 1981 964 2037 fue-

43 2067 83 2104 rat
97 2064 208 2113 conditus,
223 2060 279 2106 hosti
294 2067 368 2104 tamen
382 2067 463 2119 sponte
480 2062 610 2117 substratus,
630 2063 735 2105 clamores
751 2063 779 2104 de
794 2076 867 2120 pugne
883 2061 963 2105 tolera-

42 2141 94 2185 vit.“
125 2140 181 2183 Mor.
197 2140 233 2184 lv.
251 2142 287 2184 54.
318 2141 397 2195 „Haec
417 2144 464 2199 ipsa
484 2144 622 2186 contrarietas
644 2143 721 2199 culpae
745 2140 804 2186 facta
827 2150 859 2185 est
879 2124 961 2186 homim'

42 2222 127 2280 pondus
141 2234 235 2278 poenae3
249 2227 272 2263 ut
289 2209 424 2277 corruptioni
437 2236 489 2264 suae
505 2224 561 2266 male
576 2223 631 2267 liber
647 2224 739 2276 serviat,
757 2224 864 2282 quideme
880 2238 961 2268 seruus

43 2305 73 2348 de
88 2303 261 2360 incorruptionis
279 2302 386 2345 libertate
399 2303 530 2358 gaudebat.“
562 2304 617 2349 Vlll.
632 2306 667 2348 52.
684 2302 791 2362 ,‚(Homo)
808 2305 834 2347 ad
850 2304 891 2346 lroo
906 2291 960 2348 con-

43 2386 98 2429 ditus
113 2380 191 2437 fuerat,
206 2390 234 2425 ut.
245 2384 267 2426 in
285 2383 416 2427 caelestibus
430 2391 487 2428 stare
500 2387 633 2451 potuisset.“
664 2386 743 2431 XVIII.
762 2385 797 2428 66.
818 2386 960 2440 „Humanum

42 2480 110 2523 genus
124 2465 230 2510 Dominus
248 2466 271 2507 in
290 2463 371 2506 faeiem
387 2467 486 2521 monuit,
505 2448 591 2523 quando
611 2469 633 2510 in
653 2470 753 2526 paradiso
775 2467 859 2510 condito
876 2467 962 2513 homini

42 2556 108 2606 atque
123 2550 145 2592 in
161 2548 229 2591 libero
245 2544 341 2588 arbllrs'o
357 2547 436 2601 stanti,
454 2549 506 2602 quid
521 2547 605 2603 facere,
623 2551 700 2606 quidve
715 2563 758 2593 nou
774 2547 848 2592 facere
862 2550 961 2605 deberet,

41 2627 141 2669 indixit.“
171 2627 255 2684 Regula
270 2632 350 2684 pastor.
365 2633 426 2682 parte
445 2628 466 2669 5.
485 2644 532 2686 cap.
548 2633 585 2673 28.
614 2631 711 2684 „Orestis
728 2631 806 2673 ceteris
825 2632 961 2692 animalibus,

40 2707 106 2751 homo
128 2722 181 2764 prae
201 2710 281 2753 cunctis
303 2709 399 2754 elevatus
421 2704 473 2766 fuit3
503 2711 552 2767 quia
581 2717 603 2755 et
628 2712 734 2756 libertate
761 2713 844 2758 exstitit
871 2714 961 2759 arbitrii
