<?xml version="1.0" encoding="UTF-8"?>
<!DOCTYPE html PUBLIC "-//W3C//DTD XHTML 1.0 Transitional//EN"
    "http://www.w3.org/TR/xhtml1/DTD/xhtml1-transitional.dtd">
<html xmlns="http://www.w3.org/1999/xhtml" xml:lang="en" lang="en">
 <head>
  <title>
</title>
<meta http-equiv="Content-Type" content="text/html;charset=utf-8" />
  <meta name='ocr-system' content='tesseract 3.04.00' />
  <meta name='ocr-capabilities' content='ocr_page ocr_carea ocr_par ocr_line ocrx_word'/>
</head>
<body>
  <div class='ocr_page' id='page_1' title='image "MN41459ucmf_8_0076.png"; bbox 0 0 1999 2998; ppageno 0'>
   <div class='ocr_carea' id='block_1_1' title="bbox 31 160 966 714">
    <p class='ocr_par' dir='ltr' id='par_1_1' title="bbox 31 160 966 714">
     <span class='ocr_line' id='line_1_1' title="bbox 31 160 959 228; baseline 0 -24"><span class='ocrx_word' id='word_1_1' title='bbox 31 162 140 220; x_wconf 80' lang='lat' dir='ltr'>spiritum</span> <span class='ocrx_word' id='word_1_2' title='bbox 156 161 284 228; x_wconf 80' lang='lat' dir='ltr'>surnsimus,</span> <span class='ocrx_word' id='word_1_3' title='bbox 300 174 355 203; x_wconf 89' lang='lat' dir='ltr'>eece</span> <span class='ocrx_word' id='word_1_4' title='bbox 372 160 475 219; x_wconf 61' lang='lat' dir='ltr'>depluens</span> <span class='ocrx_word' id='word_1_5' title='bbox 493 161 592 220; x_wconf 83' lang='lat' dir='ltr'>quotidie</span> <span class='ocrx_word' id='word_1_6' title='bbox 604 166 726 220; x_wconf 80' lang='lat' dir='ltr'>portamus</span> <span class='ocrx_word' id='word_1_7' title='bbox 741 163 840 205; x_wconf 65' lang='lat' dir='ltr'>illlumf‘</span> <span class='ocrx_word' id='word_1_8' title='bbox 855 162 885 226; x_wconf 83' lang='lat'>¹⁹)</span> <span class='ocrx_word' id='word_1_9' title='bbox 902 166 959 211; x_wconf 76' lang='lat' dir='ltr'>XIII.</span> 
     </span>
     <span class='ocr_line' id='line_1_2' title="bbox 34 242 963 301; baseline 0.004 -14"><span class='ocrx_word' id='word_1_10' title='bbox 34 246 72 288; x_wconf 82' lang='lat'>55.</span> <span class='ocrx_word' id='word_1_11' title='bbox 90 245 163 298; x_wconf 89' lang='lat' dir='ltr'>„Dum</span> <span class='ocrx_word' id='word_1_12' title='bbox 180 242 277 298; x_wconf 87' lang='lat' dir='ltr'>repulsus</span> <span class='ocrx_word' id='word_1_13' title='bbox 293 242 362 285; x_wconf 90' lang='lat' dir='ltr'>homo</span> <span class='ocrx_word' id='word_1_14' title='bbox 378 251 400 287; x_wconf 90' lang='lat' dir='ltr'>et</span> <span class='ocrx_word' id='word_1_15' title='bbox 416 258 431 286; x_wconf 84' lang='grc' dir='ltr'><em>α</em></span> <span class='ocrx_word' id='word_1_16' title='bbox 448 257 520 285; x_wconf 84' lang='lat' dir='ltr'>carue</span> <span class='ocrx_word' id='word_1_17' title='bbox 536 244 667 295; x_wconf 77' lang='lat' dir='ltr'><em>molestias,</em></span> <span class='ocrx_word' id='word_1_18' title='bbox 689 250 712 287; x_wconf 85' lang='lat' dir='ltr'>et</span> <span class='ocrx_word' id='word_1_19' title='bbox 731 258 743 286; x_wconf 82' lang='lat' dir='ltr'>a</span> <span class='ocrx_word' id='word_1_20' title='bbox 759 250 831 286; x_wconf 83' lang='lat' dir='ltr'>mente</span> <span class='ocrx_word' id='word_1_21' title='bbox 850 250 963 301; x_wconf 76' lang='lat' dir='ltr'>quaestio-</span> 
     </span>
     <span class='ocr_line' id='line_1_3' title="bbox 33 323 963 383; baseline 0 -14"><span class='ocrx_word' id='word_1_22' title='bbox 33 341 74 369; x_wconf 90' lang='lat' dir='ltr'>nes</span> <span class='ocrx_word' id='word_1_23' title='bbox 89 326 175 378; x_wconf 81' lang='lat' dir='ltr'>tolerat3</span> <span class='ocrx_word' id='word_1_24' title='bbox 189 335 254 378; x_wconf 75' lang='lat' dir='ltr'>grune</span> <span class='ocrx_word' id='word_1_25' title='bbox 270 323 375 366; x_wconf 83' lang='lat' dir='ltr'>nimirum</span> <span class='ocrx_word' id='word_1_26' title='bbox 389 323 472 381; x_wconf 91' lang='lat' dir='ltr'>pondus</span> <span class='ocrx_word' id='word_1_27' title='bbox 488 326 628 382; x_wconf 85' lang='lat' dir='ltr'>semetipsum</span> <span class='ocrx_word' id='word_1_28' title='bbox 644 330 721 381; x_wconf 78' lang='lat' dir='ltr'>portat.</span> <span class='ocrx_word' id='word_1_29' title='bbox 749 325 851 382; x_wconf 81' lang='lat' dir='ltr'>Undique</span> <span class='ocrx_word' id='word_1_30' title='bbox 869 326 963 383; x_wconf 57' lang='lat' dir='ltr'>languo-</span> 
     </span>
     <span class='ocr_line' id='line_1_4' title="bbox 33 403 962 463; baseline 0.003 -15"><span class='ocrx_word' id='word_1_31' title='bbox 33 408 95 448; x_wconf 86' lang='lat' dir='ltr'>ribus</span> <span class='ocrx_word' id='word_1_32' title='bbox 110 406 227 462; x_wconf 84' lang='lat' dir='ltr'>premitur;</span> <span class='ocrx_word' id='word_1_33' title='bbox 257 405 354 461; x_wconf 89' lang='lat' dir='ltr'>undique</span> <span class='ocrx_word' id='word_1_34' title='bbox 374 403 532 448; x_wconf 82' lang='lat' dir='ltr'>infirmitatibus</span> <span class='ocrx_word' id='word_1_35' title='bbox 546 415 651 463; x_wconf 79' lang='lat' dir='ltr'>urgetur:</span> <span class='ocrx_word' id='word_1_36' title='bbox 682 413 707 448; x_wconf 87' lang='lat' dir='ltr'>ut</span> <span class='ocrx_word' id='word_1_37' title='bbox 727 407 763 462; x_wconf 94' lang='lat' dir='ltr'>qui</span> <span class='ocrx_word' id='word_1_38' title='bbox 779 408 855 451; x_wconf 85' lang='lat' dir='ltr'>relicto</span> <span class='ocrx_word' id='word_1_39' title='bbox 872 409 920 450; x_wconf 90' lang='lat' dir='ltr'>Deo</span> <span class='ocrx_word' id='word_1_40' title='bbox 938 423 962 451; x_wconf 88' lang='lat' dir='ltr'>se</span> 
     </span>
     <span class='ocr_line' id='line_1_5' title="bbox 32 483 963 545; baseline -0.001 -14"><span class='ocrx_word' id='word_1_41' title='bbox 32 488 74 532; x_wconf 89' lang='lat' dir='ltr'>sibi</span> <span class='ocrx_word' id='word_1_42' title='bbox 90 488 119 530; x_wconf 85' lang='lat' dir='ltr'>ad</span> <span class='ocrx_word' id='word_1_43' title='bbox 134 488 231 544; x_wconf 81' lang='lat' dir='ltr'>requiem</span> <span class='ocrx_word' id='word_1_44' title='bbox 249 483 354 528; x_wconf 86' lang='lat' dir='ltr'>sufficere</span> <span class='ocrx_word' id='word_1_45' title='bbox 369 484 465 538; x_wconf 83' lang='lat' dir='ltr'>eredidit,</span> <span class='ocrx_word' id='word_1_46' title='bbox 476 487 530 528; x_wconf 85' lang='lat' dir='ltr'>nihil</span> <span class='ocrx_word' id='word_1_47' title='bbox 541 487 562 528; x_wconf 88' lang='lat' dir='ltr'>in</span> <span class='ocrx_word' id='word_1_48' title='bbox 580 502 604 529; x_wconf 91' lang='lat' dir='ltr'>se</span> <span class='ocrx_word' id='word_1_49' title='bbox 621 488 661 529; x_wconf 88' lang='lat' dir='ltr'>nisi</span> <span class='ocrx_word' id='word_1_50' title='bbox 681 488 794 530; x_wconf 86' lang='lat' dir='ltr'>tumultum</span> <span class='ocrx_word' id='word_1_51' title='bbox 813 489 963 545; x_wconf 78' lang='lat' dir='ltr'>perturbatio-</span> 
     </span>
     <span class='ocr_line' id='line_1_6' title="bbox 35 564 966 625; baseline -0.005 -9"><span class='ocrx_word' id='word_1_52' title='bbox 35 575 69 616; x_wconf 90' lang='lat' dir='ltr'>nis</span> <span class='ocrx_word' id='word_1_53' title='bbox 85 569 200 619; x_wconf 84' lang='lat' dir='ltr'>invenitet,</span> <span class='ocrx_word' id='word_1_54' title='bbox 221 566 377 624; x_wconf 82' lang='lat' dir='ltr'>inventumque</span> <span class='ocrx_word' id='word_1_55' title='bbox 394 580 417 609; x_wconf 89' lang='lat' dir='ltr'>se</span> <span class='ocrx_word' id='word_1_56' title='bbox 433 564 509 622; x_wconf 83' lang='lat' dir='ltr'>fugere</span> <span class='ocrx_word' id='word_1_57' title='bbox 525 576 655 625; x_wconf 79' lang='lat' dir='ltr'>quaereret3</span> <span class='ocrx_word' id='word_1_58' title='bbox 684 569 722 610; x_wconf 90' lang='lat' dir='ltr'>sed</span> <span class='ocrx_word' id='word_1_59' title='bbox 734 576 827 614; x_wconf 83' lang='lat' dir='ltr'>-auetore</span> <span class='ocrx_word' id='word_1_60' title='bbox 845 577 966 624; x_wconf 79' lang='lat' dir='ltr'>contemto,</span> 
     </span>
     <span class='ocr_line' id='line_1_7' title="bbox 35 647 522 714; baseline -0.012 -19"><span class='ocrx_word' id='word_1_61' title='bbox 35 671 79 714; x_wconf 84' lang='lat' dir='ltr'>quo</span> <span class='ocrx_word' id='word_1_62' title='bbox 95 668 119 695; x_wconf 92' lang='lat' dir='ltr'>se</span> <span class='ocrx_word' id='word_1_63' title='bbox 133 650 226 705; x_wconf 80' lang='lat' dir='ltr'>fugeret,</span> <span class='ocrx_word' id='word_1_64' title='bbox 247 663 290 691; x_wconf 89' lang='lat' dir='ltr'>non</span> <span class='ocrx_word' id='word_1_65' title='bbox 308 649 423 691; x_wconf 58' lang='lat' dir='ltr'>haberes</span> <span class='ocrx_word' id='word_1_66' title='bbox 451 647 468 705; x_wconf 73' lang='lat'>§-</span> <span class='ocrx_word' id='word_1_67' title='bbox 486 651 522 693; x_wconf 82' lang='lat'>55.</span> 
     </span>
    </p>
   </div>
   <div class='ocr_carea' id='block_1_2' title="bbox 99 729 962 788">
    <p class='ocr_par' dir='ltr' id='par_1_2' title="bbox 99 729 962 788">
     <span class='ocr_line' id='line_1_8' title="bbox 99 729 962 788; baseline -0.002 -12"><span class='ocrx_word' id='word_1_68' title='bbox 99 734 138 787; x_wconf 86' lang='lat' dir='ltr'>„ln</span> <span class='ocrx_word' id='word_1_69' title='bbox 152 733 198 788; x_wconf 89' lang='lat' dir='ltr'>ipsa</span> <span class='ocrx_word' id='word_1_70' title='bbox 216 730 300 785; x_wconf 79' lang='lat' dir='ltr'>(carne)</span> <span class='ocrx_word' id='word_1_71' title='bbox 319 730 415 787; x_wconf 88' lang='lat' dir='ltr'>quotidie</span> <span class='ocrx_word' id='word_1_72' title='bbox 429 731 540 786; x_wconf 80' lang='lat' dir='ltr'>gemitum,</span> <span class='ocrx_word' id='word_1_73' title='bbox 556 729 578 771; x_wconf 93' lang='lat' dir='ltr'>in</span> <span class='ocrx_word' id='word_1_74' title='bbox 589 729 635 786; x_wconf 87' lang='lat' dir='ltr'>ipsa</span> <span class='ocrx_word' id='word_1_75' title='bbox 647 731 771 784; x_wconf 79' lang='lat' dir='ltr'>cruciatum,</span> <span class='ocrx_word' id='word_1_76' title='bbox 788 731 810 773; x_wconf 90' lang='lat' dir='ltr'>in</span> <span class='ocrx_word' id='word_1_77' title='bbox 824 731 870 788; x_wconf 83' lang='lat' dir='ltr'>ipse</span> <span class='ocrx_word' id='word_1_78' title='bbox 884 731 962 774; x_wconf 86' lang='lat' dir='ltr'>inleri-</span> 
     </span>
    </p>
   </div>
   <div class='ocr_carea' id='block_1_3' title="bbox 32 810 963 1679">
    <p class='ocr_par' dir='ltr' id='par_1_3' title="bbox 32 810 963 1679">
     <span class='ocr_line' id='line_1_9' title="bbox 35 810 962 873; baseline -0.002 -16"><span class='ocrx_word' id='word_1_79' title='bbox 35 829 83 865; x_wconf 76' lang='lat' dir='ltr'>tum</span> <span class='ocrx_word' id='word_1_80' title='bbox 101 815 213 873; x_wconf 81' lang='lat' dir='ltr'>petimur„</span> <span class='ocrx_word' id='word_1_81' title='bbox 225 818 249 854; x_wconf 89' lang='lat' dir='ltr'>ut</span> <span class='ocrx_word' id='word_1_82' title='bbox 264 811 300 854; x_wconf 89' lang='lat' dir='ltr'>hie</span> <span class='ocrx_word' id='word_1_83' title='bbox 315 812 377 854; x_wconf 88' lang='lat' dir='ltr'>nobis</span> <span class='ocrx_word' id='word_1_84' title='bbox 393 813 447 854; x_wconf 89' lang='lat' dir='ltr'>mira</span> <span class='ocrx_word' id='word_1_85' title='bbox 468 812 627 868; x_wconf 77' lang='lat' dir='ltr'>dispensatione</span> <span class='ocrx_word' id='word_1_86' title='bbox 644 810 798 869; x_wconf 75' lang='lat' dir='ltr'>(dispositione)</span> <span class='ocrx_word' id='word_1_87' title='bbox 813 813 922 855; x_wconf 87' lang='lat' dir='ltr'>Dominus</span> <span class='ocrx_word' id='word_1_88' title='bbox 940 814 962 856; x_wconf 83' lang='lat' dir='ltr'>in</span> 
     </span>
     <span class='ocr_line' id='line_1_10' title="bbox 32 894 962 960; baseline -0.01 -17"><span class='ocrx_word' id='word_1_89' title='bbox 32 910 136 960; x_wconf 70' lang='lat' dir='ltr'>poectum</span> <span class='ocrx_word' id='word_1_90' title='bbox 151 899 261 944; x_wconf 79' lang='lat' dir='ltr'>uerteret,</span> <span class='ocrx_word' id='word_1_91' title='bbox 272 907 318 950; x_wconf 84' lang='lat' dir='ltr'>per</span> <span class='ocrx_word' id='word_1_92' title='bbox 334 894 395 950; x_wconf 79' lang='lat' dir='ltr'>qraod</span> <span class='ocrx_word' id='word_1_93' title='bbox 405 894 508 950; x_wconf 78' lang='lat' dir='ltr'>fecimus</span> <span class='ocrx_word' id='word_1_94' title='bbox 521 894 626 949; x_wconf 67' lang='lat' dir='ltr'>cuquam,</span> <span class='ocrx_word' id='word_1_95' title='bbox 646 907 687 934; x_wconf 90' lang='lat' dir='ltr'>nec</span> <span class='ocrx_word' id='word_1_96' title='bbox 703 894 788 935; x_wconf 76' lang='lat' dir='ltr'>aliunde</span> <span class='ocrx_word' id='word_1_97' title='bbox 803 900 860 934; x_wconf 86' lang='lat' dir='ltr'>esset</span> <span class='ocrx_word' id='word_1_98' title='bbox 875 895 962 935; x_wconf 86' lang='lat' dir='ltr'>interim</span> 
     </span>
     <span class='ocr_line' id='line_1_11' title="bbox 35 973 962 1030; baseline -0.008 -8"><span class='ocrx_word' id='word_1_99' title='bbox 35 990 138 1024; x_wconf 78' lang='lat' dir='ltr'>censura</span> <span class='ocrx_word' id='word_1_100' title='bbox 149 974 268 1029; x_wconf 82' lang='lat' dir='ltr'>supplicii,</span> <span class='ocrx_word' id='word_1_101' title='bbox 284 974 392 1029; x_wconf 21' lang='lat' dir='ltr'>nisi-inde</span> <span class='ocrx_word' id='word_1_102' title='bbox 409 973 480 1018; x_wconf 86' lang='lat' dir='ltr'>fuerat</span> <span class='ocrx_word' id='word_1_103' title='bbox 498 988 569 1016; x_wconf 79' lang='lat' dir='ltr'>causo</span> <span class='ocrx_word' id='word_1_104' title='bbox 582 975 687 1030; x_wconf 64' lang='lat' dir='ltr'>pedem,-</span> <span class='ocrx_word' id='word_1_105' title='bbox 718 980 741 1015; x_wconf 90' lang='lat' dir='ltr'>ut</span> <span class='ocrx_word' id='word_1_106' title='bbox 757 975 801 1028; x_wconf 92' lang='lat' dir='ltr'>ejus</span> <span class='ocrx_word' id='word_1_107' title='bbox 815 973 886 1014; x_wconf 78' lang='lat' dir='ltr'>cornis</span> <span class='ocrx_word' id='word_1_108' title='bbox 900 989 962 1015; x_wconf 80' lang='lat' dir='ltr'>ania-</span> 
     </span>
     <span class='ocr_line' id='line_1_12' title="bbox 37 1052 962 1111; baseline -0.009 -7"><span class='ocrx_word' id='word_1_109' title='bbox 37 1060 133 1104; x_wconf 80' lang='lat' dir='ltr'>titudine</span> <span class='ocrx_word' id='word_1_110' title='bbox 149 1056 215 1097; x_wconf 89' lang='lat' dir='ltr'>homo</span> <span class='ocrx_word' id='word_1_111' title='bbox 232 1055 356 1096; x_wconf 88' lang='lat' dir='ltr'>erudiretur</span> <span class='ocrx_word' id='word_1_112' title='bbox 372 1056 400 1096; x_wconf 81' lang='lat' dir='ltr'>ad</span> <span class='ocrx_word' id='word_1_113' title='bbox 416 1057 492 1108; x_wconf 88' lang='lat' dir='ltr'>vitam,</span> <span class='ocrx_word' id='word_1_114' title='bbox 515 1055 575 1110; x_wconf 87' lang='lat' dir='ltr'>eujus</span> <span class='ocrx_word' id='word_1_115' title='bbox 598 1054 742 1096; x_wconf 77' lang='lat' dir='ltr'>oblectatione</span> <span class='ocrx_word' id='word_1_116' title='bbox 761 1054 854 1110; x_wconf 84' lang='lat' dir='ltr'>superbe</span> <span class='ocrx_word' id='word_1_117' title='bbox 875 1052 962 1111; x_wconf 80' lang='lat' dir='ltr'>(super-</span> 
     </span>
     <span class='ocr_line' id='line_1_13' title="bbox 37 1135 963 1198; baseline -0.009 -13"><span class='ocrx_word' id='word_1_118' title='bbox 37 1138 100 1198; x_wconf 84' lang='lat' dir='ltr'>biae)</span> <span class='ocrx_word' id='word_1_119' title='bbox 117 1135 257 1195; x_wconf 81' lang='lat' dir='ltr'>pervenitad</span> <span class='ocrx_word' id='word_1_120' title='bbox 274 1139 390 1179; x_wconf 65' lang='lat' dir='ltr'>mortemt‘</span> <span class='ocrx_word' id='word_1_121' title='bbox 410 1136 490 1180; x_wconf 82' lang='lat' dir='ltr'>XXIV.</span> <span class='ocrx_word' id='word_1_122' title='bbox 502 1149 522 1191; x_wconf 89' lang='lat'>7.</span> <span class='ocrx_word' id='word_1_123' title='bbox 540 1136 676 1189; x_wconf 83' lang='lat' dir='ltr'>„Innumeris</span> <span class='ocrx_word' id='word_1_124' title='bbox 691 1136 808 1177; x_wconf 83' lang='lat' dir='ltr'>humanum</span> <span class='ocrx_word' id='word_1_125' title='bbox 824 1149 892 1190; x_wconf 85' lang='lat' dir='ltr'>genus</span> <span class='ocrx_word' id='word_1_126' title='bbox 908 1150 963 1177; x_wconf 48' lang='lat' dir='ltr'>eure</span> 
     </span>
     <span class='ocr_line' id='line_1_14' title="bbox 37 1216 962 1273; baseline -0.006 -7"><span class='ocrx_word' id='word_1_127' title='bbox 37 1224 101 1266; x_wconf 82' lang='lat' dir='ltr'>arulis</span> <span class='ocrx_word' id='word_1_128' title='bbox 118 1220 180 1261; x_wconf 85' lang='lat' dir='ltr'>vitae</span> <span class='ocrx_word' id='word_1_129' title='bbox 196 1216 311 1273; x_wconf 70' lang='lat' dir='ltr'>suppliciis</span> <span class='ocrx_word' id='word_1_130' title='bbox 330 1217 482 1273; x_wconf 71' lang='lat' dir='ltr'>premebatur,</span> <span class='ocrx_word' id='word_1_131' title='bbox 509 1218 546 1258; x_wconf 91' lang='lat' dir='ltr'>sed</span> <span class='ocrx_word' id='word_1_132' title='bbox 566 1217 700 1259; x_wconf 86' lang='lat' dir='ltr'>Redemtore</span> <span class='ocrx_word' id='word_1_133' title='bbox 716 1223 788 1259; x_wconf 86' lang='lat' dir='ltr'>nostro</span> <span class='ocrx_word' id='word_1_134' title='bbox 803 1217 918 1272; x_wconf 79' lang='lat' dir='ltr'>veniente„</span> <span class='ocrx_word' id='word_1_135' title='bbox 940 1225 962 1260; x_wconf 87' lang='lat' dir='ltr'>et</span> 
     </span>
     <span class='ocr_line' id='line_1_15' title="bbox 36 1296 962 1353; baseline -0.004 -10"><span class='ocrx_word' id='word_1_136' title='bbox 36 1303 89 1344; x_wconf 84' lang='lat' dir='ltr'>vitia</span> <span class='ocrx_word' id='word_1_137' title='bbox 106 1296 249 1353; x_wconf 81' lang='lat' dir='ltr'>corruptionis</span> <span class='ocrx_word' id='word_1_138' title='bbox 262 1304 355 1350; x_wconf 86' lang='lat' dir='ltr'>nostrae,</span> <span class='ocrx_word' id='word_1_139' title='bbox 372 1304 394 1340; x_wconf 87' lang='lat' dir='ltr'>et</span> <span class='ocrx_word' id='word_1_140' title='bbox 407 1305 513 1341; x_wconf 84' lang='lat' dir='ltr'>tormenta</span> <span class='ocrx_word' id='word_1_141' title='bbox 531 1298 602 1340; x_wconf 82' lang='lat' dir='ltr'>deleta</span> <span class='ocrx_word' id='word_1_142' title='bbox 618 1300 690 1340; x_wconf 70' lang='lat' dir='ltr'>sunt‘i</span> <span class='ocrx_word' id='word_1_143' title='bbox 712 1300 732 1341; x_wconf 88' lang='lat'>8.</span> <span class='ocrx_word' id='word_1_144' title='bbox 757 1297 883 1351; x_wconf 84' lang='lat' dir='ltr'>„Habemus</span> <span class='ocrx_word' id='word_1_145' title='bbox 899 1312 962 1339; x_wconf 87' lang='lat' dir='ltr'>eom-</span> 
     </span>
     <span class='ocr_line' id='line_1_16' title="bbox 34 1375 961 1438; baseline -0.002 -15"><span class='ocrx_word' id='word_1_146' title='bbox 34 1381 115 1438; x_wconf 89' lang='lat' dir='ltr'>pedes,</span> <span class='ocrx_word' id='word_1_147' title='bbox 139 1378 213 1433; x_wconf 73' lang='lat' dir='ltr'>ipisom</span> <span class='ocrx_word' id='word_1_148' title='bbox 234 1375 391 1430; x_wconf 81' lang='lat' dir='ltr'>infirmitatem</span> <span class='ocrx_word' id='word_1_149' title='bbox 413 1384 482 1434; x_wconf 83' lang='lat' dir='ltr'>alque</span> <span class='ocrx_word' id='word_1_150' title='bbox 499 1379 667 1434; x_wconf 80' lang='lat' dir='ltr'>corruptionem</span> <span class='ocrx_word' id='word_1_151' title='bbox 684 1377 828 1421; x_wconf 77' lang='lat' dir='ltr'>mortalitatis</span> <span class='ocrx_word' id='word_1_152' title='bbox 846 1381 961 1421; x_wconf 81' lang='lat' dir='ltr'>nostrae.“</span> 
     </span>
     <span class='ocr_line' id='line_1_17' title="bbox 34 1456 961 1517; baseline -0.002 -12"><span class='ocrx_word' id='word_1_153' title='bbox 34 1460 119 1505; x_wconf 79' lang='lat' dir='ltr'>Homil.</span> <span class='ocrx_word' id='word_1_154' title='bbox 134 1456 180 1501; x_wconf 85' lang='lat' dir='ltr'>Xil.</span> <span class='ocrx_word' id='word_1_155' title='bbox 196 1456 233 1498; x_wconf 85' lang='lat' dir='ltr'>lib.</span> <span class='ocrx_word' id='word_1_156' title='bbox 250 1470 269 1498; x_wconf 89' lang='lat'>1.</span> <span class='ocrx_word' id='word_1_157' title='bbox 287 1457 309 1499; x_wconf 90' lang='lat' dir='ltr'>in</span> <span class='ocrx_word' id='word_1_158' title='bbox 325 1457 407 1500; x_wconf 86' lang='lat' dir='ltr'>Ezeeh.</span> <span class='ocrx_word' id='word_1_159' title='bbox 424 1458 444 1516; x_wconf 80' lang='lat'>§</span> <span class='ocrx_word' id='word_1_160' title='bbox 462 1460 495 1501; x_wconf 81' lang='lat'>15.</span> <span class='ocrx_word' id='word_1_161' title='bbox 528 1459 626 1512; x_wconf 83' lang='lat' dir='ltr'>„Natura</span> <span class='ocrx_word' id='word_1_162' title='bbox 641 1464 713 1501; x_wconf 87' lang='lat' dir='ltr'>nostra</span> <span class='ocrx_word' id='word_1_163' title='bbox 723 1471 769 1515; x_wconf 85' lang='lat' dir='ltr'>per</span> <span class='ocrx_word' id='word_1_164' title='bbox 786 1458 876 1517; x_wconf 84' lang='lat' dir='ltr'>lapsum</span> <span class='ocrx_word' id='word_1_165' title='bbox 889 1460 961 1515; x_wconf 81' lang='lat' dir='ltr'>primi</span> 
     </span>
     <span class='ocr_line' id='line_1_18' title="bbox 36 1520 961 1594; baseline -0.002 -9"><span class='ocrx_word' id='word_1_166' title='bbox 36 1542 133 1585; x_wconf 73' lang='lat' dir='ltr'>leominis</span> <span class='ocrx_word' id='word_1_167' title='bbox 150 1539 180 1580; x_wconf 87' lang='lat' dir='ltr'>sie</span> <span class='ocrx_word' id='word_1_168' title='bbox 197 1540 297 1581; x_wconf 80' lang='lat' dir='ltr'>damnata</span> <span class='ocrx_word' id='word_1_169' title='bbox 312 1545 356 1590; x_wconf 83' lang='lat' dir='ltr'>est,</span> <span class='ocrx_word' id='word_1_170' title='bbox 372 1545 397 1581; x_wconf 83' lang='lat' dir='ltr'>ut</span> <span class='ocrx_word' id='word_1_171' title='bbox 410 1540 505 1594; x_wconf 88' lang='lat' dir='ltr'>quotidie</span> <span class='ocrx_word' id='word_1_172' title='bbox 523 1539 616 1582; x_wconf 84' lang='lat' dir='ltr'>labendo</span> <span class='ocrx_word' id='word_1_173' title='bbox 633 1520 729 1593; x_wconf 74' lang='lat' dir='ltr'>deficiui,</span> <span class='ocrx_word' id='word_1_174' title='bbox 751 1545 773 1583; x_wconf 84' lang='lat' dir='ltr'>et</span> <span class='ocrx_word' id='word_1_175' title='bbox 785 1538 906 1583; x_wconf 81' lang='lat' dir='ltr'>deficiendo</span> <span class='ocrx_word' id='word_1_176' title='bbox 921 1553 961 1589; x_wconf 46' lang='lat' dir='ltr'>ree</span> 
     </span>
     <span class='ocr_line' id='line_1_19' title="bbox 37 1618 662 1679; baseline -0.011 -12"><span class='ocrx_word' id='word_1_177' title='bbox 37 1620 154 1668; x_wconf 67' lang='lat' dir='ltr'>terascatf‘</span> <span class='ocrx_word' id='word_1_178' title='bbox 185 1618 234 1662; x_wconf 81' lang='lat' dir='ltr'>Lib.</span> <span class='ocrx_word' id='word_1_179' title='bbox 247 1619 283 1663; x_wconf 83' lang='lat' dir='ltr'>IV.</span> <span class='ocrx_word' id='word_1_180' title='bbox 302 1619 324 1661; x_wconf 91' lang='lat' dir='ltr'>in</span> <span class='ocrx_word' id='word_1_181' title='bbox 339 1618 404 1676; x_wconf 79' lang='lat' dir='ltr'>prim.</span> <span class='ocrx_word' id='word_1_182' title='bbox 419 1619 474 1676; x_wconf 83' lang='lat' dir='ltr'>Reg.</span> <span class='ocrx_word' id='word_1_183' title='bbox 490 1620 541 1679; x_wconf 84' lang='lat' dir='ltr'>Cap.</span> <span class='ocrx_word' id='word_1_184' title='bbox 554 1623 575 1664; x_wconf 81' lang='lat'>5.</span> <span class='ocrx_word' id='word_1_185' title='bbox 591 1618 610 1678; x_wconf 74' lang='lat'>§-</span> <span class='ocrx_word' id='word_1_186' title='bbox 627 1622 662 1663; x_wconf 87' lang='lat'>18.</span> 
     </span>
    </p>
   </div>
   <div class='ocr_carea' id='block_1_4' title="bbox 474 1748 528 1810">
    <p class='ocr_par' dir='ltr' id='par_1_4' title="bbox 474 1748 528 1810">
     <span class='ocr_line' id='line_1_20' title="bbox 474 1748 528 1810; baseline -0.056 -16"><span class='ocrx_word' id='word_1_187' title='bbox 474 1748 492 1810; x_wconf 56' lang='grc' dir='ltr'>ς.</span> <span class='ocrx_word' id='word_1_188' title='bbox 508 1753 528 1794; x_wconf 66' lang='lat' dir='ltr'>s.</span> 
     </span>
    </p>
   </div>
   <div class='ocr_carea' id='block_1_5' title="bbox 34 1850 962 2474">
    <p class='ocr_par' dir='ltr' id='par_1_5' title="bbox 165 1850 696 1909">
     <span class='ocr_line' id='line_1_21' title="bbox 165 1850 696 1909; baseline -0.006 -14"><span class='ocrx_word' id='word_1_189' title='bbox 165 1852 191 1894; x_wconf 89' lang='lat' dir='ltr'>B.</span> <span class='ocrx_word' id='word_1_190' title='bbox 215 1850 282 1904; x_wconf 84' lang='lat' dir='ltr'>Malo,</span> <span class='ocrx_word' id='word_1_191' title='bbox 299 1864 355 1907; x_wconf 88' lang='lat' dir='ltr'>quae</span> <span class='ocrx_word' id='word_1_192' title='bbox 371 1852 514 1907; x_wconf 83' lang='lat' dir='ltr'>cognoscendi</span> <span class='ocrx_word' id='word_1_193' title='bbox 533 1852 574 1895; x_wconf 89' lang='lat' dir='ltr'>vim</span> <span class='ocrx_word' id='word_1_194' title='bbox 590 1858 696 1909; x_wconf 83' lang='lat' dir='ltr'>spectant.</span> 
     </span>
    </p>

    <p class='ocr_par' dir='ltr' id='par_1_6' title="bbox 34 1931 962 2474">
     <span class='ocr_line' id='line_1_22' title="bbox 97 1931 960 1990; baseline -0.003 -15"><span class='ocrx_word' id='word_1_195' title='bbox 97 1932 199 1975; x_wconf 89' lang='lat' dir='ltr'>Hominis</span> <span class='ocrx_word' id='word_1_196' title='bbox 213 1932 280 1974; x_wconf 86' lang='lat' dir='ltr'>menti</span> <span class='ocrx_word' id='word_1_197' title='bbox 294 1932 363 1988; x_wconf 86' lang='lat' dir='ltr'>caligo</span> <span class='ocrx_word' id='word_1_198' title='bbox 377 1932 470 1975; x_wconf 82' lang='lat' dir='ltr'>obducta</span> <span class='ocrx_word' id='word_1_199' title='bbox 486 1940 553 1977; x_wconf 88' lang='lat' dir='ltr'>estet</span> <span class='ocrx_word' id='word_1_200' title='bbox 569 1948 647 1990; x_wconf 79' lang='lat' dir='ltr'>puram</span> <span class='ocrx_word' id='word_1_201' title='bbox 663 1935 705 1977; x_wconf 89' lang='lat' dir='ltr'>Dei</span> <span class='ocrx_word' id='word_1_202' title='bbox 724 1932 870 1988; x_wconf 84' lang='lat' dir='ltr'>cognitionem</span> <span class='ocrx_word' id='word_1_203' title='bbox 885 1931 960 1979; x_wconf 81' lang='lat' dir='ltr'>amisit.</span> 
     </span>
     <span class='ocr_line' id='line_1_23' title="bbox 34 2009 960 2072; baseline -0.005 -14"><span class='ocrx_word' id='word_1_204' title='bbox 34 2009 104 2072; x_wconf 86' lang='lat' dir='ltr'>Quod</span> <span class='ocrx_word' id='word_1_205' title='bbox 119 2012 226 2066; x_wconf 65' lang='lat' dir='ltr'>Auernus,</span> <span class='ocrx_word' id='word_1_206' title='bbox 243 2019 356 2070; x_wconf 87' lang='lat' dir='ltr'>postquam</span> <span class='ocrx_word' id='word_1_207' title='bbox 373 2012 504 2069; x_wconf 80' lang='lat' dir='ltr'>deliquerat,</span> <span class='ocrx_word' id='word_1_208' title='bbox 526 2028 548 2055; x_wconf 89' lang='lat' dir='ltr'>se</span> <span class='ocrx_word' id='word_1_209' title='bbox 565 2014 604 2056; x_wconf 87' lang='lat' dir='ltr'>sub</span> <span class='ocrx_word' id='word_1_210' title='bbox 622 2015 735 2055; x_wconf 84' lang='lat' dir='ltr'>arboribus</span> <span class='ocrx_word' id='word_1_211' title='bbox 751 2012 901 2064; x_wconf 77' lang='lat' dir='ltr'>abscondebat,</span> <span class='ocrx_word' id='word_1_212' title='bbox 919 2012 960 2053; x_wconf 86' lang='lat' dir='ltr'>do-</span> 
     </span>
     <span class='ocr_line' id='line_1_24' title="bbox 37 2092 960 2151; baseline -0.005 -12"><span class='ocrx_word' id='word_1_213' title='bbox 37 2102 140 2139; x_wconf 87' lang='lat' dir='ltr'>cumento</span> <span class='ocrx_word' id='word_1_214' title='bbox 156 2101 200 2146; x_wconf 90' lang='lat' dir='ltr'>est,</span> <span class='ocrx_word' id='word_1_215' title='bbox 226 2102 321 2138; x_wconf 90' lang='lat' dir='ltr'>mentem</span> <span class='ocrx_word' id='word_1_216' title='bbox 343 2095 411 2151; x_wconf 88' lang='lat' dir='ltr'>ipsius</span> <span class='ocrx_word' id='word_1_217' title='bbox 432 2095 525 2149; x_wconf 81' lang='lat' dir='ltr'>vigorem</span> <span class='ocrx_word' id='word_1_218' title='bbox 545 2095 679 2151; x_wconf 85' lang='lat' dir='ltr'>primitivum</span> <span class='ocrx_word' id='word_1_219' title='bbox 698 2094 820 2150; x_wconf 86' lang='lat' dir='ltr'>perdidisse.</span> <span class='ocrx_word' id='word_1_220' title='bbox 858 2092 960 2148; x_wconf 82' lang='lat' dir='ltr'>Alioquin</span> 
     </span>
     <span class='ocr_line' id='line_1_25' title="bbox 37 2162 962 2232; baseline -0.006 -11"><span class='ocrx_word' id='word_1_221' title='bbox 37 2179 77 2222; x_wconf 88' lang='lat' dir='ltr'>sibi</span> <span class='ocrx_word' id='word_1_222' title='bbox 93 2191 138 2219; x_wconf 88' lang='lat' dir='ltr'>non</span> <span class='ocrx_word' id='word_1_223' title='bbox 154 2162 298 2232; x_wconf 81' lang='lat' dir='ltr'>persuasisset,</span> <span class='ocrx_word' id='word_1_224' title='bbox 314 2176 426 2219; x_wconf 87' lang='lat' dir='ltr'>hominem</span> <span class='ocrx_word' id='word_1_225' title='bbox 442 2190 466 2217; x_wconf 85' lang='lat' dir='ltr'>se</span> <span class='ocrx_word' id='word_1_226' title='bbox 483 2172 549 2217; x_wconf 90' lang='lat' dir='ltr'>oculis</span> <span class='ocrx_word' id='word_1_227' title='bbox 563 2173 609 2228; x_wconf 79' lang='lat' dir='ltr'>ejus</span> <span class='ocrx_word' id='word_1_228' title='bbox 624 2173 755 2217; x_wconf 84' lang='lat' dir='ltr'>abscondere</span> <span class='ocrx_word' id='word_1_229' title='bbox 771 2189 838 2231; x_wconf 89' lang='lat' dir='ltr'>posse,</span> <span class='ocrx_word' id='word_1_230' title='bbox 857 2175 894 2231; x_wconf 92' lang='lat' dir='ltr'>qui</span> <span class='ocrx_word' id='word_1_231' title='bbox 912 2175 962 2215; x_wconf 80' lang='lat' dir='ltr'>ani-</span> 
     </span>
     <span class='ocr_line' id='line_1_26' title="bbox 36 2254 960 2314; baseline -0.006 -13"><span class='ocrx_word' id='word_1_232' title='bbox 36 2261 67 2301; x_wconf 93' lang='lat' dir='ltr'>mi</span> <span class='ocrx_word' id='word_1_233' title='bbox 81 2259 184 2299; x_wconf 82' lang='lat' dir='ltr'>interiora</span> <span class='ocrx_word' id='word_1_234' title='bbox 199 2259 303 2314; x_wconf 85' lang='lat' dir='ltr'>perspicit.</span> <span class='ocrx_word' id='word_1_235' title='bbox 319 2282 346 2291; x_wconf 89' lang='lat'>-</span> <span class='ocrx_word' id='word_1_236' title='bbox 362 2259 417 2314; x_wconf 87' lang='lat' dir='ltr'>Spes</span> <span class='ocrx_word' id='word_1_237' title='bbox 433 2254 541 2307; x_wconf 78' lang='lat' dir='ltr'>frustrata,</span> <span class='ocrx_word' id='word_1_238' title='bbox 558 2254 640 2299; x_wconf 78' lang='lat' dir='ltr'>laetitia</span> <span class='ocrx_word' id='word_1_239' title='bbox 657 2254 755 2312; x_wconf 83' lang='lat' dir='ltr'>spiritalis</span> <span class='ocrx_word' id='word_1_240' title='bbox 769 2256 869 2308; x_wconf 76' lang='lat' dir='ltr'>extincta,</span> <span class='ocrx_word' id='word_1_241' title='bbox 889 2256 960 2307; x_wconf 86' lang='lat' dir='ltr'>timor,</span> 
     </span>
     <span class='ocr_line' id='line_1_27' title="bbox 37 2335 960 2389; baseline -0.009 -6"><span class='ocrx_word' id='word_1_242' title='bbox 37 2354 113 2383; x_wconf 87' lang='lat' dir='ltr'>rerum</span> <span class='ocrx_word' id='word_1_243' title='bbox 131 2337 266 2380; x_wconf 78' lang='lat' dir='ltr'>mutabilium</span> <span class='ocrx_word' id='word_1_244' title='bbox 283 2352 349 2389; x_wconf 83' lang='lat' dir='ltr'>amor,</span> <span class='ocrx_word' id='word_1_245' title='bbox 367 2340 413 2379; x_wconf 84' lang='lat' dir='ltr'>irae</span> <span class='ocrx_word' id='word_1_246' title='bbox 431 2345 453 2378; x_wconf 88' lang='lat' dir='ltr'>et</span> <span class='ocrx_word' id='word_1_247' title='bbox 469 2337 533 2378; x_wconf 87' lang='lat' dir='ltr'>studii</span> <span class='ocrx_word' id='word_1_248' title='bbox 547 2335 689 2387; x_wconf 84' lang='lat' dir='ltr'>mutabilitas,</span> <span class='ocrx_word' id='word_1_249' title='bbox 705 2335 727 2376; x_wconf 93' lang='lat' dir='ltr'>in</span> <span class='ocrx_word' id='word_1_250' title='bbox 743 2336 875 2380; x_wconf 81' lang='lat' dir='ltr'>addiscendis</span> <span class='ocrx_word' id='word_1_251' title='bbox 892 2337 960 2379; x_wconf 82' lang='lat' dir='ltr'>literis</span> 
     </span>
     <span class='ocr_line' id='line_1_28' title="bbox 38 2416 960 2474; baseline -0.009 -10"><span class='ocrx_word' id='word_1_252' title='bbox 38 2420 136 2464; x_wconf 85' lang='lat' dir='ltr'>molestie</span> <span class='ocrx_word' id='word_1_253' title='bbox 153 2425 175 2460; x_wconf 89' lang='lat' dir='ltr'>et</span> <span class='ocrx_word' id='word_1_254' title='bbox 189 2430 254 2474; x_wconf 78' lang='lat' dir='ltr'>saepe</span> <span class='ocrx_word' id='word_1_255' title='bbox 266 2416 324 2459; x_wconf 88' lang='lat' dir='ltr'>labor</span> <span class='ocrx_word' id='word_1_256' title='bbox 339 2418 416 2470; x_wconf 81' lang='lat' dir='ltr'>inanis,</span> <span class='ocrx_word' id='word_1_257' title='bbox 432 2416 509 2460; x_wconf 80' lang='lat' dir='ltr'>oblivio</span> <span class='ocrx_word' id='word_1_258' title='bbox 519 2428 600 2469; x_wconf 80' lang='lat' dir='ltr'>eorum,</span> <span class='ocrx_word' id='word_1_259' title='bbox 618 2429 673 2472; x_wconf 87' lang='lat' dir='ltr'>quae</span> <span class='ocrx_word' id='word_1_260' title='bbox 691 2431 739 2458; x_wconf 89' lang='lat' dir='ltr'>cum</span> <span class='ocrx_word' id='word_1_261' title='bbox 755 2417 827 2460; x_wconf 83' lang='lat' dir='ltr'>labore</span> <span class='ocrx_word' id='word_1_262' title='bbox 842 2417 960 2459; x_wconf 86' lang='lat' dir='ltr'>memoriae</span> 
     </span>
    </p>
   </div>
   <div class='ocr_carea' id='block_1_6' title="bbox 39 2502 195 2515">
    <p class='ocr_par' dir='ltr' id='par_1_7' title="bbox 39 2502 195 2515">
     <span class='ocr_line' id='line_1_29' title="bbox 39 2502 195 2515; baseline 0 -3"><span class='ocrx_word' id='word_1_263' title='bbox 39 2502 195 2515; x_wconf 78' lang='lat'>.......---</span> 
     </span>
    </p>
   </div>
   <div class='ocr_carea' id='block_1_7' title="bbox 54 2532 959 2655">
    <p class='ocr_par' dir='ltr' id='par_1_8' title="bbox 54 2532 959 2655">
     <span class='ocr_line' id='line_1_30' title="bbox 54 2532 959 2588; baseline -0.007 -11"><span class='ocrx_word' id='word_1_264' title='bbox 54 2542 86 2588; x_wconf 75' lang='lat' dir='ltr'>aq)</span> <span class='ocrx_word' id='word_1_265' title='bbox 102 2541 208 2578; x_wconf 86' lang='lat' dir='ltr'>Secundum</span> <span class='ocrx_word' id='word_1_266' title='bbox 225 2538 327 2575; x_wconf 82' lang='lat' dir='ltr'>Poterium:</span> <span class='ocrx_word' id='word_1_267' title='bbox 355 2532 479 2588; x_wconf 78' lang='lat' dir='ltr'>defluentem</span> <span class='ocrx_word' id='word_1_268' title='bbox 499 2534 589 2588; x_wconf 82' lang='lat' dir='ltr'>quotidie</span> <span class='ocrx_word' id='word_1_269' title='bbox 607 2541 718 2587; x_wconf 75' lang='lat' dir='ltr'>perionius</span> <span class='ocrx_word' id='word_1_270' title='bbox 740 2535 823 2573; x_wconf 84' lang='lat' dir='ltr'>luctum.</span> <span class='ocrx_word' id='word_1_271' title='bbox 849 2534 887 2570; x_wconf 89' lang='lat' dir='ltr'>Sed</span> <span class='ocrx_word' id='word_1_272' title='bbox 904 2534 959 2571; x_wconf 80' lang='lat' dir='ltr'>altere</span> 
     </span>
     <span class='ocr_line' id='line_1_31' title="bbox 104 2606 958 2655; baseline -0.001 -12"><span class='ocrx_word' id='word_1_273' title='bbox 104 2610 160 2644; x_wconf 82' lang='lat' dir='ltr'>lectio</span> <span class='ocrx_word' id='word_1_274' title='bbox 173 2621 245 2646; x_wconf 84' lang='lat' dir='ltr'>sensum</span> <span class='ocrx_word' id='word_1_275' title='bbox 257 2609 345 2646; x_wconf 88' lang='lat' dir='ltr'>idoneum</span> <span class='ocrx_word' id='word_1_276' title='bbox 359 2608 445 2655; x_wconf 72' lang='lat' dir='ltr'>praebet,</span> <span class='ocrx_word' id='word_1_277' title='bbox 463 2620 519 2655; x_wconf 81' lang='lat' dir='ltr'>qrnrm</span> <span class='ocrx_word' id='word_1_278' title='bbox 534 2606 589 2646; x_wconf 80' lang='lat' dir='ltr'>lertio</span> <span class='ocrx_word' id='word_1_279' title='bbox 607 2614 625 2642; x_wconf 64' lang='lat' dir='ltr'>a‘</span> <span class='ocrx_word' id='word_1_280' title='bbox 635 2606 708 2643; x_wconf 83' lang='lat' dir='ltr'>Poterio</span> <span class='ocrx_word' id='word_1_281' title='bbox 725 2606 805 2644; x_wconf 78' lang='lat' dir='ltr'>exhibitu</span> <span class='ocrx_word' id='word_1_282' title='bbox 817 2616 871 2642; x_wconf 83' lang='lat' dir='ltr'>sensu</span> <span class='ocrx_word' id='word_1_283' title='bbox 884 2606 958 2642; x_wconf 87' lang='lat' dir='ltr'>omniuo</span> 
     </span>
    </p>
   </div>
   <div class='ocr_carea' id='block_1_8' title="bbox 106 2678 343 2720">
    <p class='ocr_par' dir='ltr' id='par_1_9' title="bbox 106 2678 343 2720">
     <span class='ocr_line' id='line_1_32' title="bbox 106 2678 343 2720; baseline 0.008 -7"><span class='ocrx_word' id='word_1_284' title='bbox 106 2678 192 2716; x_wconf 79' lang='lat' dir='ltr'>destitute</span> <span class='ocrx_word' id='word_1_285' title='bbox 205 2692 244 2717; x_wconf 82' lang='lat' dir='ltr'>esse</span> <span class='ocrx_word' id='word_1_286' title='bbox 256 2680 343 2720; x_wconf 78' lang='lat' dir='ltr'>violentur.</span> 
     </span>
    </p>
   </div>
   <div class='ocr_carea' id='block_1_9' title="bbox 0 0 1006 2998">
    <p class='ocr_par' dir='ltr' id='par_1_10' title="bbox 0 0 1006 2998">
     <span class='ocr_line' id='line_1_33' title="bbox 0 0 1006 2998; baseline 0 0"><span class='ocrx_word' id='word_1_287' title='bbox 0 0 1006 2998; x_wconf 95' lang='lat' dir='ltr'> </span> 
     </span>
    </p>
   </div>
  </div>
 </body>
</html>
