<?xml version="1.0" encoding="UTF-8"?>
<!DOCTYPE html PUBLIC "-//W3C//DTD XHTML 1.0 Transitional//EN"
    "http://www.w3.org/TR/xhtml1/DTD/xhtml1-transitional.dtd">
<html xmlns="http://www.w3.org/1999/xhtml" xml:lang="en" lang="en">
 <head>
  <title>
</title>
<meta http-equiv="Content-Type" content="text/html;charset=utf-8" />
  <meta name='ocr-system' content='tesseract 3.04.00' />
  <meta name='ocr-capabilities' content='ocr_page ocr_carea ocr_par ocr_line ocrx_word'/>
</head>
<body>
  <div class='ocr_page' id='page_1' title='image "MN41459ucmf_8_0107.png"; bbox 0 0 1999 2998; ppageno 0'>
   <div class='ocr_carea' id='block_1_1' title="bbox 15 396 936 621">
    <p class='ocr_par' dir='ltr' id='par_1_1' title="bbox 15 396 936 621">
     <span class='ocr_line' id='line_1_1' title="bbox 125 399 619 446; baseline 0.004 -9"><span class='ocrx_word' id='word_1_1' title='bbox 125 434 126 437; x_wconf 75' lang='grc'>,</span> <span class='ocrx_word' id='word_1_2' title='bbox 452 428 457 439; x_wconf 85' lang='grc'><strong>.</strong></span> <span class='ocrx_word' id='word_1_3' title='bbox 476 399 511 440; x_wconf 78' lang='lat'>25.</span> <span class='ocrx_word' id='word_1_4' title='bbox 618 439 619 446; x_wconf 62' lang='grc'>,</span> 
     </span>
     <span class='ocr_line' id='line_1_2' title="bbox 15 396 936 551; baseline 0 -22"><span class='ocrx_word' id='word_1_5' title='bbox 15 475 65 531; x_wconf 90' lang='lat' dir='ltr'>IV.</span> <span class='ocrx_word' id='word_1_6' title='bbox 87 476 133 531; x_wconf 87' lang='lat' dir='ltr'>De</span> <span class='ocrx_word' id='word_1_7' title='bbox 149 481 245 551; x_wconf 74' lang='lat' dir='ltr'>gretie</span> <span class='ocrx_word' id='word_1_8' title='bbox 263 445 353 532; x_wconf 72' lang='lat' dir='ltr'>divine</span> <span class='ocrx_word' id='word_1_9' title='bbox 372 396 478 549; x_wconf 64' lang='lat' dir='ltr'>ejusdde</span> <span class='ocrx_word' id='word_1_10' title='bbox 495 478 534 531; x_wconf 87' lang='lat' dir='ltr'>ad</span> <span class='ocrx_word' id='word_1_11' title='bbox 546 458 654 530; x_wconf 81' lang='lat' dir='ltr'>liberum</span> <span class='ocrx_word' id='word_1_12' title='bbox 670 451 936 532; x_wconf 76' lang='lat' dir='ltr'>bonsiee&#39;sorbe&#39;tre&#39;rm</span> 
     </span>
     <span class='ocr_line' id='line_1_3' title="bbox 51 568 543 621; baseline -0.006 0"><span class='ocrx_word' id='word_1_13' title='bbox 51 583 53 586; x_wconf 83' lang='lat'>·</span> <span class='ocrx_word' id='word_1_14' title='bbox 219 570 221 572; x_wconf 73' lang='grc'><strong>’</strong></span> <span class='ocrx_word' id='word_1_15' title='bbox 422 568 543 621; x_wconf 57' lang='lat' dir='ltr'>ratione,</span> 
     </span>
    </p>
   </div>
   <div class='ocr_carea' id='block_1_2' title="bbox 7 702 935 2814">
    <p class='ocr_par' dir='ltr' id='par_1_2' title="bbox 14 702 935 1186">
     <span class='ocr_line' id='line_1_4' title="bbox 90 702 935 796; baseline 0.004 -14"><span class='ocrx_word' id='word_1_16' title='bbox 90 754 110 783; x_wconf 76' lang='grc' dir='ltr'>ι.</span> <span class='ocrx_word' id='word_1_17' title='bbox 144 702 251 792; x_wconf 78' lang='lat' dir='ltr'>Gratiae¹</span> <span class='ocrx_word' id='word_1_18' title='bbox 263 739 348 786; x_wconf 78' lang='lat' dir='ltr'>divinus</span> <span class='ocrx_word' id='word_1_19' title='bbox 362 740 406 785; x_wconf 77' lang='lat' dir='ltr'>sien</span> <span class='ocrx_word' id='word_1_20' title='bbox 419 739 538 796; x_wconf 80' lang='lat' dir='ltr'>Gregorius</span> <span class='ocrx_word' id='word_1_21' title='bbox 555 749 600 784; x_wconf 91' lang='lat' dir='ltr'>non</span> <span class='ocrx_word' id='word_1_22' title='bbox 615 735 713 781; x_wconf 90' lang='lat' dir='ltr'>subtilius</span> <span class='ocrx_word' id='word_1_23' title='bbox 726 739 814 796; x_wconf 89' lang='lat' dir='ltr'>quidem</span> <span class='ocrx_word' id='word_1_24' title='bbox 829 738 935 795; x_wconf 84' lang='lat' dir='ltr'>definivit,</span> 
     </span>
     <span class='ocr_line' id='line_1_5' title="bbox 14 820 935 878; baseline 0.003 -16"><span class='ocrx_word' id='word_1_25' title='bbox 14 821 53 863; x_wconf 88' lang='lat' dir='ltr'>sed</span> <span class='ocrx_word' id='word_1_26' title='bbox 70 834 97 863; x_wconf 82' lang='lat' dir='ltr'>ex</span> <span class='ocrx_word' id='word_1_27' title='bbox 113 821 146 875; x_wconf 90' lang='lat' dir='ltr'>iis,</span> <span class='ocrx_word' id='word_1_28' title='bbox 159 833 215 876; x_wconf 86' lang='lat' dir='ltr'>quae</span> <span class='ocrx_word' id='word_1_29' title='bbox 232 821 260 862; x_wconf 90' lang='lat' dir='ltr'>de</span> <span class='ocrx_word' id='word_1_30' title='bbox 274 820 314 862; x_wconf 72' lang='lat' dir='ltr'>&#39;illa</span> <span class='ocrx_word' id='word_1_31' title='bbox 327 820 444 877; x_wconf 78' lang='lat' dir='ltr'>perhibuit,</span> <span class='ocrx_word' id='word_1_32' title='bbox 461 821 506 877; x_wconf 86' lang='lat' dir='ltr'>ejus</span> <span class='ocrx_word' id='word_1_33' title='bbox 521 822 579 867; x_wconf 87' lang='lat' dir='ltr'>voeis</span> <span class='ocrx_word' id='word_1_34' title='bbox 594 832 659 863; x_wconf 83' lang='lat' dir='ltr'>usum</span> <span class='ocrx_word' id='word_1_35' title='bbox 675 821 732 876; x_wconf 83' lang='lat' dir='ltr'>apud</span> <span class='ocrx_word' id='word_1_36' title='bbox 748 822 873 878; x_wconf 78' lang='lat' dir='ltr'>scriptorem</span> <span class='ocrx_word' id='word_1_37' title='bbox 890 837 935 865; x_wconf 91' lang='lat' dir='ltr'>no-</span> 
     </span>
     <span class='ocr_line' id='line_1_6' title="bbox 15 883 933 959; baseline 0.007 -17"><span class='ocrx_word' id='word_1_38' title='bbox 15 908 84 943; x_wconf 88' lang='lat' dir='ltr'>strum</span> <span class='ocrx_word' id='word_1_39' title='bbox 98 899 201 943; x_wconf 85' lang='lat' dir='ltr'>letissime</span> <span class='ocrx_word' id='word_1_40' title='bbox 217 899 310 955; x_wconf 81' lang='lat' dir='ltr'>patuisse</span> <span class='ocrx_word' id='word_1_41' title='bbox 327 897 427 954; x_wconf 82' lang='lat' dir='ltr'>efficitur,</span> <span class='ocrx_word' id='word_1_42' title='bbox 442 901 472 944; x_wconf 84' lang='lat' dir='ltr'>ite</span> <span class='ocrx_word' id='word_1_43' title='bbox 488 883 628 959; x_wconf 89' lang='lat' dir='ltr'>utquidquid</span> <span class='ocrx_word' id='word_1_44' title='bbox 642 900 665 942; x_wconf 93' lang='lat' dir='ltr'>in</span> <span class='ocrx_word' id='word_1_45' title='bbox 681 899 768 944; x_wconf 87' lang='lat' dir='ltr'>homine</span> <span class='ocrx_word' id='word_1_46' title='bbox 782 903 833 945; x_wconf 91' lang='lat' dir='ltr'>boni</span> <span class='ocrx_word' id='word_1_47' title='bbox 846 904 873 946; x_wconf 86' lang='lat' dir='ltr'>sit</span> <span class='ocrx_word' id='word_1_48' title='bbox 888 918 933 948; x_wconf 89' lang='lat' dir='ltr'>non</span> 
     </span>
     <span class='ocr_line' id='line_1_7' title="bbox 15 978 934 1038; baseline 0.007 -15"><span class='ocrx_word' id='word_1_49' title='bbox 15 980 133 1038; x_wconf 83' lang='lat' dir='ltr'>adipsum,</span> <span class='ocrx_word' id='word_1_50' title='bbox 149 981 188 1023; x_wconf 89' lang='lat' dir='ltr'>sed</span> <span class='ocrx_word' id='word_1_51' title='bbox 204 980 232 1022; x_wconf 88' lang='lat' dir='ltr'>ed</span> <span class='ocrx_word' id='word_1_52' title='bbox 247 980 339 1024; x_wconf 79' lang='lat' dir='ltr'>divinum</span> <span class='ocrx_word' id='word_1_53' title='bbox 355 981 446 1037; x_wconf 75' lang='lat' dir='ltr'>gretiam</span> <span class='ocrx_word' id='word_1_54' title='bbox 461 994 525 1024; x_wconf 89' lang='lat' dir='ltr'>sensu</span> <span class='ocrx_word' id='word_1_55' title='bbox 543 980 645 1024; x_wconf 84' lang='lat' dir='ltr'>letissimo</span> <span class='ocrx_word' id='word_1_56' title='bbox 660 978 759 1025; x_wconf 71' lang='lat' dir='ltr'>referret·</span> <span class='ocrx_word' id='word_1_57' title='bbox 788 982 866 1028; x_wconf 77' lang='lat' dir='ltr'>Nostra</span> <span class='ocrx_word' id='word_1_58' title='bbox 883 1000 934 1029; x_wconf 84' lang='lat' dir='ltr'>me-</span> 
     </span>
     <span class='ocr_line' id='line_1_8' title="bbox 15 1060 932 1123; baseline 0.008 -22"><span class='ocrx_word' id='word_1_59' title='bbox 15 1062 56 1104; x_wconf 83' lang='lat' dir='ltr'>rite</span> <span class='ocrx_word' id='word_1_60' title='bbox 68 1068 117 1106; x_wconf 90' lang='lat' dir='ltr'>sunt</span> <span class='ocrx_word' id='word_1_61' title='bbox 125 1062 168 1105; x_wconf 92' lang='lat' dir='ltr'>Dei</span> <span class='ocrx_word' id='word_1_62' title='bbox 179 1074 282 1121; x_wconf 49' lang='lat' dir='ltr'>munera,</span> <span class='ocrx_word' id='word_1_63' title='bbox 296 1061 378 1105; x_wconf 84' lang='lat' dir='ltr'>Libero</span> <span class='ocrx_word' id='word_1_64' title='bbox 393 1068 465 1106; x_wconf 83' lang='lat' dir='ltr'>temen</span> <span class='ocrx_word' id='word_1_65' title='bbox 482 1060 575 1106; x_wconf 89' lang='lat' dir='ltr'>hominis</span> <span class='ocrx_word' id='word_1_66' title='bbox 592 1060 681 1106; x_wconf 79' lang='lat' dir='ltr'>arbitrio</span> <span class='ocrx_word' id='word_1_67' title='bbox 694 1068 766 1120; x_wconf 81' lang='lat' dir='ltr'>portes</span> <span class='ocrx_word' id='word_1_68' title='bbox 780 1077 829 1108; x_wconf 84' lang='lat' dir='ltr'>sues</span> <span class='ocrx_word' id='word_1_69' title='bbox 845 1079 932 1123; x_wconf 82' lang='lat' dir='ltr'>semper</span> 
     </span>
     <span class='ocr_line' id='line_1_9' title="bbox 14 1141 96 1186; baseline -0.012 -3"><span class='ocrx_word' id='word_1_70' title='bbox 14 1141 96 1186; x_wconf 78' lang='lat' dir='ltr'><strong>tribuit.</strong></span> 
     </span>
    </p>

    <p class='ocr_par' dir='ltr' id='par_1_3' title="bbox 7 1222 933 2492">
     <span class='ocr_line' id='line_1_10' title="bbox 84 1222 933 1284; baseline 0.007 -17"><span class='ocrx_word' id='word_1_71' title='bbox 84 1223 134 1276; x_wconf 87' lang='lat' dir='ltr'>„De</span> <span class='ocrx_word' id='word_1_72' title='bbox 151 1225 265 1282; x_wconf 84' lang='lat' dir='ltr'>semetipso</span> <span class='ocrx_word' id='word_1_73' title='bbox 279 1222 375 1283; x_wconf 82' lang='lat' dir='ltr'>(Paulus)</span> <span class='ocrx_word' id='word_1_74' title='bbox 391 1223 487 1281; x_wconf 89' lang='lat' dir='ltr'>loquitur</span> <span class='ocrx_word' id='word_1_75' title='bbox 505 1227 528 1284; x_wconf 88' lang='lat' dir='ltr'>(r</span> <span class='ocrx_word' id='word_1_76' title='bbox 544 1224 595 1267; x_wconf 83' lang='lat' dir='ltr'>Cor.</span> <span class='ocrx_word' id='word_1_77' title='bbox 614 1226 650 1278; x_wconf 83' lang='lat'>15,</span> <span class='ocrx_word' id='word_1_78' title='bbox 669 1225 714 1279; x_wconf 83' lang='lat' dir='ltr'>ro),</span> <span class='ocrx_word' id='word_1_79' title='bbox 726 1224 818 1269; x_wconf 79' lang='lat' dir='ltr'>dicens:</span> <span class='ocrx_word' id='word_1_80' title='bbox 849 1226 933 1273; x_wconf 78' lang='lat' dir='ltr'>Gratia</span> 
     </span>
     <span class='ocr_line' id='line_1_11' title="bbox 14 1303 933 1363; baseline 0.004 -16"><span class='ocrx_word' id='word_1_81' title='bbox 14 1303 60 1347; x_wconf 78' lang='lat' dir='ltr'>Dei</span> <span class='ocrx_word' id='word_1_82' title='bbox 74 1319 124 1348; x_wconf 71' lang='lat' dir='ltr'>suen</span> <span class='ocrx_word' id='word_1_83' title='bbox 139 1306 165 1348; x_wconf 74' lang='lat' dir='ltr'>id</span> <span class='ocrx_word' id='word_1_84' title='bbox 177 1304 237 1363; x_wconf 82' lang='lat' dir='ltr'>quod</span> <span class='ocrx_word' id='word_1_85' title='bbox 250 1318 305 1348; x_wconf 85' lang='lat' dir='ltr'>sem.</span> <span class='ocrx_word' id='word_1_86' title='bbox 337 1305 372 1348; x_wconf 86' lang='lat' dir='ltr'>Ex</span> <span class='ocrx_word' id='word_1_87' title='bbox 384 1305 448 1360; x_wconf 71' lang='lat' dir='ltr'>&#39;eujus</span> <span class='ocrx_word' id='word_1_88' title='bbox 463 1306 565 1348; x_wconf 88' lang='lat' dir='ltr'>nimirum</span> <span class='ocrx_word' id='word_1_89' title='bbox 578 1304 708 1360; x_wconf 81' lang='lat' dir='ltr'>aspiratione</span> <span class='ocrx_word' id='word_1_90' title='bbox 716 1306 804 1360; x_wconf 80' lang='lat' dir='ltr'>gratiae,</span> <span class='ocrx_word' id='word_1_91' title='bbox 821 1307 870 1362; x_wconf 82' lang='lat' dir='ltr'>quie</span> <span class='ocrx_word' id='word_1_92' title='bbox 887 1310 933 1351; x_wconf 84' lang='lat' dir='ltr'>vir-</span> 
     </span>
     <span class='ocr_line' id='line_1_12' title="bbox 13 1383 931 1443; baseline 0.008 -17"><span class='ocrx_word' id='word_1_93' title='bbox 13 1391 84 1428; x_wconf 87' lang='lat' dir='ltr'>tutum</span> <span class='ocrx_word' id='word_1_94' title='bbox 100 1399 166 1442; x_wconf 82' lang='lat' dir='ltr'>opera</span> <span class='ocrx_word' id='word_1_95' title='bbox 182 1387 280 1443; x_wconf 81' lang='lat' dir='ltr'>protinus</span> <span class='ocrx_word' id='word_1_96' title='bbox 297 1387 319 1429; x_wconf 91' lang='lat' dir='ltr'>in</span> <span class='ocrx_word' id='word_1_97' title='bbox 334 1387 400 1428; x_wconf 87' lang='lat' dir='ltr'>eorde</span> <span class='ocrx_word' id='word_1_98' title='bbox 415 1392 556 1441; x_wconf 72' lang='lat' dir='ltr'>generantur,</span> <span class='ocrx_word' id='word_1_99' title='bbox 572 1391 597 1427; x_wconf 91' lang='lat' dir='ltr'>ut</span> <span class='ocrx_word' id='word_1_100' title='bbox 613 1397 641 1425; x_wconf 84' lang='lat' dir='ltr'>ex</span> <span class='ocrx_word' id='word_1_101' title='bbox 656 1383 724 1426; x_wconf 86' lang='lat' dir='ltr'>libere</span> <span class='ocrx_word' id='word_1_102' title='bbox 742 1399 828 1442; x_wconf 88' lang='lat' dir='ltr'>quoque</span> <span class='ocrx_word' id='word_1_103' title='bbox 842 1388 931 1433; x_wconf 87' lang='lat' dir='ltr'>arbitrio</span> 
     </span>
     <span class='ocr_line' id='line_1_13' title="bbox 13 1465 930 1523; baseline 0.007 -16"><span class='ocrx_word' id='word_1_104' title='bbox 13 1466 155 1522; x_wconf 82' lang='lat' dir='ltr'>subsequatur</span> <span class='ocrx_word' id='word_1_105' title='bbox 167 1469 230 1516; x_wconf 84' lang='lat' dir='ltr'>ectio,</span> <span class='ocrx_word' id='word_1_106' title='bbox 246 1467 280 1510; x_wconf 87' lang='lat' dir='ltr'>oui</span> <span class='ocrx_word' id='word_1_107' title='bbox 293 1473 341 1523; x_wconf 91' lang='lat' dir='ltr'>post</span> <span class='ocrx_word' id='word_1_108' title='bbox 355 1467 410 1510; x_wconf 84' lang='lat' dir='ltr'>hene</span> <span class='ocrx_word' id='word_1_109' title='bbox 419 1468 483 1512; x_wconf 85' lang='lat' dir='ltr'>vitem</span> <span class='ocrx_word' id='word_1_110' title='bbox 495 1465 609 1509; x_wconf 85' lang='lat' dir='ltr'>retributio</span> <span class='ocrx_word' id='word_1_111' title='bbox 622 1471 710 1508; x_wconf 82' lang='lat' dir='ltr'>aeterna</span> <span class='ocrx_word' id='word_1_112' title='bbox 723 1466 859 1522; x_wconf 84' lang='lat' dir='ltr'>respondeat,</span> <span class='ocrx_word' id='word_1_113' title='bbox 873 1469 930 1514; x_wconf 86' lang='lat' dir='ltr'>illico</span> 
     </span>
     <span class='ocr_line' id='line_1_14' title="bbox 14 1545 932 1605; baseline 0.005 -16"><span class='ocrx_word' id='word_1_114' title='bbox 14 1547 100 1601; x_wconf 80' lang='lat' dir='ltr'>adjecit:</span> <span class='ocrx_word' id='word_1_115' title='bbox 122 1548 152 1589; x_wconf 82' lang='lat' dir='ltr'>Et</span> <span class='ocrx_word' id='word_1_116' title='bbox 165 1549 246 1605; x_wconf 80' lang='lat' dir='ltr'>gratia</span> <span class='ocrx_word' id='word_1_117' title='bbox 263 1546 313 1603; x_wconf 85' lang='lat' dir='ltr'>ejus</span> <span class='ocrx_word' id='word_1_118' title='bbox 332 1549 355 1591; x_wconf 79' lang='lat' dir='ltr'>ln</span> <span class='ocrx_word' id='word_1_119' title='bbox 372 1562 408 1592; x_wconf 89' lang='lat' dir='ltr'>me</span> <span class='ocrx_word' id='word_1_120' title='bbox 426 1560 501 1591; x_wconf 82' lang='lat' dir='ltr'>verua</span> <span class='ocrx_word' id='word_1_121' title='bbox 521 1559 566 1589; x_wconf 84' lang='lat' dir='ltr'>non</span> <span class='ocrx_word' id='word_1_122' title='bbox 580 1546 651 1602; x_wconf 79' lang='lat' dir='ltr'>fuit.“</span> <span class='ocrx_word' id='word_1_123' title='bbox 686 1545 806 1601; x_wconf 79' lang='lat' dir='ltr'>Pelagianis</span> <span class='ocrx_word' id='word_1_124' title='bbox 826 1562 869 1591; x_wconf 89' lang='lat' dir='ltr'>non</span> <span class='ocrx_word' id='word_1_125' title='bbox 889 1552 932 1594; x_wconf 71' lang='lat' dir='ltr'>ob—</span> 
     </span>
     <span class='ocr_line' id='line_1_15' title="bbox 12 1625 933 1684; baseline 0.004 -13"><span class='ocrx_word' id='word_1_126' title='bbox 12 1641 76 1671; x_wconf 86' lang='lat' dir='ltr'>scure</span> <span class='ocrx_word' id='word_1_127' title='bbox 91 1626 188 1669; x_wconf 76' lang='lat' dir='ltr'>alludens</span> <span class='ocrx_word' id='word_1_128' title='bbox 205 1629 284 1684; x_wconf 83' lang='lat' dir='ltr'>pergit:</span> <span class='ocrx_word' id='word_1_129' title='bbox 317 1627 381 1682; x_wconf 83' lang='lat' dir='ltr'>„Sed</span> <span class='ocrx_word' id='word_1_130' title='bbox 399 1633 451 1671; x_wconf 84' lang='lat' dir='ltr'>sunt</span> <span class='ocrx_word' id='word_1_131' title='bbox 467 1625 580 1678; x_wconf 75' lang='lat' dir='ltr'>nonnulli,</span> <span class='ocrx_word' id='word_1_132' title='bbox 601 1625 640 1681; x_wconf 79' lang='lat' dir='ltr'>qui</span> <span class='ocrx_word' id='word_1_133' title='bbox 656 1638 725 1667; x_wconf 82' lang='lat' dir='ltr'>sanos</span> <span class='ocrx_word' id='word_1_134' title='bbox 742 1638 767 1667; x_wconf 86' lang='lat' dir='ltr'>se</span> <span class='ocrx_word' id='word_1_135' title='bbox 778 1628 830 1669; x_wconf 79' lang='lat' dir='ltr'>&#39;seis</span> <span class='ocrx_word' id='word_1_136' title='bbox 846 1630 933 1675; x_wconf 81' lang='lat' dir='ltr'>viribus</span> 
     </span>
     <span class='ocr_line' id='line_1_16' title="bbox 14 1706 930 1764; baseline -0.003 -13"><span class='ocrx_word' id='word_1_137' title='bbox 14 1708 125 1758; x_wconf 77' lang='lat' dir='ltr'>exultant,</span> <span class='ocrx_word' id='word_1_138' title='bbox 144 1709 235 1763; x_wconf 79' lang='lat' dir='ltr'>suisque</span> <span class='ocrx_word' id='word_1_139' title='bbox 247 1707 441 1764; x_wconf 75' lang='lat' dir='ltr'>praecedentibus</span> <span class='ocrx_word' id='word_1_140' title='bbox 455 1708 542 1749; x_wconf 75' lang='lat' dir='ltr'>meritis</span> <span class='ocrx_word' id='word_1_141' title='bbox 556 1706 671 1749; x_wconf 76' lang='lat' dir='ltr'>redemtos</span> <span class='ocrx_word' id='word_1_142' title='bbox 686 1719 712 1753; x_wconf 81' lang='lat' dir='ltr'>ee</span> <span class='ocrx_word' id='word_1_143' title='bbox 727 1719 778 1747; x_wconf 88' lang='lat' dir='ltr'>esse</span> <span class='ocrx_word' id='word_1_144' title='bbox 791 1707 930 1761; x_wconf 74' lang='lat' dir='ltr'>gloriamur,</span> 
     </span>
     <span class='ocr_line' id='line_1_17' title="bbox 13 1773 930 1843; baseline -0.002 -13"><span class='ocrx_word' id='word_1_145' title='bbox 13 1790 112 1843; x_wconf 85' lang='lat' dir='ltr'>Quorum</span> <span class='ocrx_word' id='word_1_146' title='bbox 128 1783 227 1840; x_wconf 83' lang='lat' dir='ltr'>profecto</span> <span class='ocrx_word' id='word_1_147' title='bbox 245 1788 333 1827; x_wconf 78' lang='lat' dir='ltr'>assertio</span> <span class='ocrx_word' id='word_1_148' title='bbox 348 1787 457 1828; x_wconf 87' lang='lat' dir='ltr'>invenitur</span> <span class='ocrx_word' id='word_1_149' title='bbox 473 1785 611 1839; x_wconf 85' lang='lat' dir='ltr'>sibimetipsis</span> <span class='ocrx_word' id='word_1_150' title='bbox 630 1773 747 1826; x_wconf 81' lang='lat' dir='ltr'>contrerie:</span> <span class='ocrx_word' id='word_1_151' title='bbox 767 1785 816 1839; x_wconf 84' lang='lat' dir='ltr'>quia</span> <span class='ocrx_word' id='word_1_152' title='bbox 836 1788 888 1830; x_wconf 91' lang='lat' dir='ltr'>dum</span> <span class='ocrx_word' id='word_1_153' title='bbox 907 1798 930 1835; x_wconf 82' lang='lat' dir='ltr'>et</span> 
     </span>
     <span class='ocr_line' id='line_1_18' title="bbox 7 1863 929 1919; baseline 0.001 -7"><span class='ocrx_word' id='word_1_154' title='bbox 7 1870 135 1912; x_wconf 85' lang='lat' dir='ltr'>innocentes</span> <span class='ocrx_word' id='word_1_155' title='bbox 151 1876 175 1906; x_wconf 83' lang='lat' dir='ltr'>se</span> <span class='ocrx_word' id='word_1_156' title='bbox 188 1869 291 1914; x_wconf 82' lang='lat' dir='ltr'>esserunt,</span> <span class='ocrx_word' id='word_1_157' title='bbox 304 1871 326 1906; x_wconf 84' lang='lat' dir='ltr'>et</span> <span class='ocrx_word' id='word_1_158' title='bbox 339 1864 456 1916; x_wconf 84' lang='lat' dir='ltr'>redemtos,</span> <span class='ocrx_word' id='word_1_159' title='bbox 471 1863 513 1905; x_wconf 89' lang='lat' dir='ltr'>hoe</span> <span class='ocrx_word' id='word_1_160' title='bbox 528 1864 598 1919; x_wconf 88' lang='lat' dir='ltr'>ipsum</span> <span class='ocrx_word' id='word_1_161' title='bbox 615 1863 637 1905; x_wconf 91' lang='lat' dir='ltr'>in</span> <span class='ocrx_word' id='word_1_162' title='bbox 655 1876 679 1905; x_wconf 86' lang='lat' dir='ltr'>se</span> <span class='ocrx_word' id='word_1_163' title='bbox 696 1863 834 1907; x_wconf 86' lang='lat' dir='ltr'>redemtionis</span> <span class='ocrx_word' id='word_1_164' title='bbox 848 1881 929 1913; x_wconf 86' lang='lat' dir='ltr'>nomen</span> 
     </span>
     <span class='ocr_line' id='line_1_19' title="bbox 12 1942 930 2004; baseline -0.001 -12"><span class='ocrx_word' id='word_1_165' title='bbox 12 1952 122 1996; x_wconf 83' lang='lat' dir='ltr'>evacuant.</span> <span class='ocrx_word' id='word_1_166' title='bbox 149 1942 225 1987; x_wconf 86' lang='lat' dir='ltr'>Omnis</span> <span class='ocrx_word' id='word_1_167' title='bbox 244 1956 337 1998; x_wconf 82' lang='lat' dir='ltr'>nemque</span> <span class='ocrx_word' id='word_1_168' title='bbox 354 1944 391 1999; x_wconf 90' lang='lat' dir='ltr'>qui</span> <span class='ocrx_word' id='word_1_169' title='bbox 407 1944 531 1997; x_wconf 85' lang='lat' dir='ltr'>redimitur,</span> <span class='ocrx_word' id='word_1_170' title='bbox 554 1957 582 1985; x_wconf 89' lang='lat' dir='ltr'>ex</span> <span class='ocrx_word' id='word_1_171' title='bbox 598 1943 669 2000; x_wconf 78' lang='lat' dir='ltr'>ulique</span> <span class='ocrx_word' id='word_1_172' title='bbox 683 1943 759 1999; x_wconf 86' lang='lat' dir='ltr'>procul</span> <span class='ocrx_word' id='word_1_173' title='bbox 775 1944 841 1987; x_wconf 91' lang='lat' dir='ltr'>dubio</span> <span class='ocrx_word' id='word_1_174' title='bbox 858 1950 930 2004; x_wconf 84' lang='lat' dir='ltr'>capti-</span> 
     </span>
     <span class='ocr_line' id='line_1_20' title="bbox 11 2022 929 2081; baseline -0.002 -6"><span class='ocrx_word' id='word_1_175' title='bbox 11 2031 76 2075; x_wconf 77' lang='lat' dir='ltr'>vitate</span> <span class='ocrx_word' id='word_1_176' title='bbox 94 2027 202 2069; x_wconf 79' lang='lat' dir='ltr'>liberatur.</span> <span class='ocrx_word' id='word_1_177' title='bbox 231 2024 295 2065; x_wconf 84' lang='lat' dir='ltr'>Unde</span> <span class='ocrx_word' id='word_1_178' title='bbox 311 2036 362 2079; x_wconf 82' lang='lat' dir='ltr'>ergo</span> <span class='ocrx_word' id='word_1_179' title='bbox 378 2022 468 2079; x_wconf 83' lang='lat' dir='ltr'>quilibet</span> <span class='ocrx_word' id='word_1_180' title='bbox 482 2024 523 2067; x_wconf 87' lang='lat' dir='ltr'>iste</span> <span class='ocrx_word' id='word_1_181' title='bbox 539 2023 649 2065; x_wconf 88' lang='lat' dir='ltr'>redemtus</span> <span class='ocrx_word' id='word_1_182' title='bbox 666 2030 706 2076; x_wconf 89' lang='lat' dir='ltr'>est,</span> <span class='ocrx_word' id='word_1_183' title='bbox 720 2024 738 2065; x_wconf 92' lang='lat' dir='ltr'>si</span> <span class='ocrx_word' id='word_1_184' title='bbox 755 2025 814 2081; x_wconf 87' lang='lat' dir='ltr'>prius</span> <span class='ocrx_word' id='word_1_185' title='bbox 828 2039 871 2070; x_wconf 90' lang='lat' dir='ltr'>non</span> <span class='ocrx_word' id='word_1_186' title='bbox 887 2026 929 2074; x_wconf 82' lang='lat' dir='ltr'>suit</span> 
     </span>
     <span class='ocr_line' id='line_1_21' title="bbox 11 2102 927 2163; baseline -0.003 -8"><span class='ocrx_word' id='word_1_187' title='bbox 11 2111 49 2155; x_wconf 90' lang='lat' dir='ltr'>sub</span> <span class='ocrx_word' id='word_1_188' title='bbox 67 2107 129 2163; x_wconf 85' lang='lat' dir='ltr'>eulpa</span> <span class='ocrx_word' id='word_1_189' title='bbox 147 2102 255 2161; x_wconf 78' lang='lat' dir='ltr'>captivus?</span> <span class='ocrx_word' id='word_1_190' title='bbox 287 2104 367 2161; x_wconf 88' lang='lat' dir='ltr'>Liquet</span> <span class='ocrx_word' id='word_1_191' title='bbox 386 2105 459 2159; x_wconf 80' lang='lat' dir='ltr'>itaque</span> <span class='ocrx_word' id='word_1_192' title='bbox 477 2105 527 2161; x_wconf 85' lang='lat' dir='ltr'>quie</span> <span class='ocrx_word' id='word_1_193' title='bbox 546 2105 638 2148; x_wconf 88' lang='lat' dir='ltr'>multum</span> <span class='ocrx_word' id='word_1_194' title='bbox 659 2105 737 2161; x_wconf 86' lang='lat' dir='ltr'>desipit</span> <span class='ocrx_word' id='word_1_195' title='bbox 757 2106 852 2162; x_wconf 90' lang='lat' dir='ltr'>quisquis</span> <span class='ocrx_word' id='word_1_196' title='bbox 872 2108 927 2153; x_wconf 76' lang='lat' dir='ltr'>haee</span> 
     </span>
     <span class='ocr_line' id='line_1_22' title="bbox 11 2184 926 2248; baseline 0.004 -20"><span class='ocrx_word' id='word_1_197' title='bbox 11 2191 71 2248; x_wconf 62' lang='lat' dir='ltr'>sapit.</span> <span class='ocrx_word' id='word_1_198' title='bbox 105 2185 203 2229; x_wconf 88' lang='lat' dir='ltr'>Hominis</span> <span class='ocrx_word' id='word_1_199' title='bbox 219 2185 299 2241; x_wconf 87' lang='lat' dir='ltr'>quippe</span> <span class='ocrx_word' id='word_1_200' title='bbox 319 2185 420 2228; x_wconf 88' lang='lat' dir='ltr'>meritum</span> <span class='ocrx_word' id='word_1_201' title='bbox 439 2197 530 2241; x_wconf 85' lang='lat' dir='ltr'>superne</span> <span class='ocrx_word' id='word_1_202' title='bbox 548 2184 616 2239; x_wconf 80' lang='lat' dir='ltr'>gretia</span> <span class='ocrx_word' id='word_1_203' title='bbox 635 2197 678 2226; x_wconf 93' lang='lat' dir='ltr'>non</span> <span class='ocrx_word' id='word_1_204' title='bbox 699 2192 723 2228; x_wconf 92' lang='lat' dir='ltr'>ut</span> <span class='ocrx_word' id='word_1_205' title='bbox 737 2186 819 2238; x_wconf 84' lang='lat' dir='ltr'>veniet,</span> <span class='ocrx_word' id='word_1_206' title='bbox 836 2188 926 2242; x_wconf 67' lang='lat' dir='ltr'>invenit,</span> 
     </span>
     <span class='ocr_line' id='line_1_23' title="bbox 10 2263 926 2327; baseline -0.003 -12"><span class='ocrx_word' id='word_1_207' title='bbox 10 2273 47 2316; x_wconf 88' lang='lat' dir='ltr'>sed</span> <span class='ocrx_word' id='word_1_208' title='bbox 63 2274 176 2327; x_wconf 82' lang='lat' dir='ltr'>postquem</span> <span class='ocrx_word' id='word_1_209' title='bbox 193 2267 281 2319; x_wconf 85' lang='lat' dir='ltr'>venerit,</span> <span class='ocrx_word' id='word_1_210' title='bbox 295 2263 356 2307; x_wconf 84' lang='lat' dir='ltr'>feeit:</span> <span class='ocrx_word' id='word_1_211' title='bbox 372 2271 436 2322; x_wconf 87' lang='lat' dir='ltr'>etque</span> <span class='ocrx_word' id='word_1_212' title='bbox 452 2271 474 2307; x_wconf 93' lang='lat' dir='ltr'>et</span> <span class='ocrx_word' id='word_1_213' title='bbox 490 2265 516 2306; x_wconf 85' lang='lat' dir='ltr'>ed</span> <span class='ocrx_word' id='word_1_214' title='bbox 529 2263 637 2319; x_wconf 80' lang='lat' dir='ltr'>indignam</span> <span class='ocrx_word' id='word_1_215' title='bbox 649 2272 744 2308; x_wconf 89' lang='lat' dir='ltr'>mentem</span> <span class='ocrx_word' id='word_1_216' title='bbox 759 2266 846 2309; x_wconf 89' lang='lat' dir='ltr'>veniens</span> <span class='ocrx_word' id='word_1_217' title='bbox 857 2268 926 2324; x_wconf 89' lang='lat' dir='ltr'>Deus,</span> 
     </span>
     <span class='ocr_line' id='line_1_24' title="bbox 11 2344 926 2409; baseline -0.002 -14"><span class='ocrx_word' id='word_1_218' title='bbox 11 2355 96 2409; x_wconf 85' lang='lat' dir='ltr'>dignam</span> <span class='ocrx_word' id='word_1_219' title='bbox 113 2347 153 2390; x_wconf 88' lang='lat' dir='ltr'>sibi</span> <span class='ocrx_word' id='word_1_220' title='bbox 170 2346 257 2389; x_wconf 79' lang='lat' dir='ltr'>exhibet</span> <span class='ocrx_word' id='word_1_221' title='bbox 272 2347 388 2400; x_wconf 82' lang='lat' dir='ltr'>veniendo,</span> <span class='ocrx_word' id='word_1_222' title='bbox 410 2352 432 2388; x_wconf 90' lang='lat' dir='ltr'>et</span> <span class='ocrx_word' id='word_1_223' title='bbox 449 2344 502 2388; x_wconf 84' lang='lat' dir='ltr'>facit</span> <span class='ocrx_word' id='word_1_224' title='bbox 519 2346 541 2387; x_wconf 89' lang='lat' dir='ltr'>in</span> <span class='ocrx_word' id='word_1_225' title='bbox 558 2358 584 2386; x_wconf 83' lang='lat' dir='ltr'>ea</span> <span class='ocrx_word' id='word_1_226' title='bbox 599 2347 700 2389; x_wconf 88' lang='lat' dir='ltr'>meritum</span> <span class='ocrx_word' id='word_1_227' title='bbox 720 2348 778 2404; x_wconf 88' lang='lat' dir='ltr'>quod</span> <span class='ocrx_word' id='word_1_228' title='bbox 794 2357 926 2403; x_wconf 87' lang='lat' dir='ltr'>remuneret,</span> 
     </span>
     <span class='ocr_line' id='line_1_25' title="bbox 11 2426 765 2492; baseline -0.011 -15"><span class='ocrx_word' id='word_1_229' title='bbox 11 2435 47 2492; x_wconf 83' lang='lat' dir='ltr'>qui</span> <span class='ocrx_word' id='word_1_230' title='bbox 63 2432 104 2474; x_wconf 85' lang='lat' dir='ltr'>hoc</span> <span class='ocrx_word' id='word_1_231' title='bbox 122 2428 191 2470; x_wconf 88' lang='lat' dir='ltr'>solum</span> <span class='ocrx_word' id='word_1_232' title='bbox 207 2428 324 2482; x_wconf 78' lang='lat' dir='ltr'>invenerat,</span> <span class='ocrx_word' id='word_1_233' title='bbox 346 2429 403 2484; x_wconf 88' lang='lat' dir='ltr'>quod</span> <span class='ocrx_word' id='word_1_234' title='bbox 420 2427 525 2484; x_wconf 81' lang='lat' dir='ltr'>puniret.“</span> <span class='ocrx_word' id='word_1_235' title='bbox 559 2426 615 2469; x_wconf 87' lang='lat' dir='ltr'>Mor.</span> <span class='ocrx_word' id='word_1_236' title='bbox 635 2427 711 2470; x_wconf 77' lang='lat' dir='ltr'>xvllt.</span> <span class='ocrx_word' id='word_1_237' title='bbox 729 2427 765 2471; x_wconf 78' lang='lat'>65.</span> 
     </span>
    </p>

    <p class='ocr_par' dir='ltr' id='par_1_4' title="bbox 8 2501 928 2814">
     <span class='ocr_line' id='line_1_26' title="bbox 72 2501 928 2567; baseline -0.001 -11"><span class='ocrx_word' id='word_1_238' title='bbox 72 2511 133 2556; x_wconf 82' lang='lat' dir='ltr'>Haec</span> <span class='ocrx_word' id='word_1_239' title='bbox 151 2509 328 2564; x_wconf 79' lang='lat' dir='ltr'>Augustinienum</span> <span class='ocrx_word' id='word_1_240' title='bbox 345 2503 536 2563; x_wconf 80' lang='lat' dir='ltr'>quidem&#39;sensum</span> <span class='ocrx_word' id='word_1_241' title='bbox 556 2521 632 2564; x_wconf 79' lang='lat' dir='ltr'>supere</span> <span class='ocrx_word' id='word_1_242' title='bbox 651 2509 761 2562; x_wconf 85' lang='lat' dir='ltr'>videntur,</span> <span class='ocrx_word' id='word_1_243' title='bbox 781 2501 871 2567; x_wconf 74' lang='lat' dir='ltr'>ipseque</span> <span class='ocrx_word' id='word_1_244' title='bbox 891 2512 928 2555; x_wconf 89' lang='lat' dir='ltr'>di-</span> 
     </span>
     <span class='ocr_line' id='line_1_27' title="bbox 9 2588 928 2650; baseline -0.008 -11"><span class='ocrx_word' id='word_1_245' title='bbox 9 2597 71 2639; x_wconf 85' lang='lat' dir='ltr'>cendi</span> <span class='ocrx_word' id='word_1_246' title='bbox 89 2591 158 2636; x_wconf 82' lang='lat' dir='ltr'>forme</span> <span class='ocrx_word' id='word_1_247' title='bbox 176 2598 207 2635; x_wconf 89' lang='lat' dir='ltr'>est</span> <span class='ocrx_word' id='word_1_248' title='bbox 224 2588 386 2647; x_wconf 81' lang='lat' dir='ltr'>Augustiniene3</span> <span class='ocrx_word' id='word_1_249' title='bbox 416 2589 454 2630; x_wconf 88' lang='lat' dir='ltr'>sed</span> <span class='ocrx_word' id='word_1_250' title='bbox 475 2603 542 2643; x_wconf 89' lang='lat' dir='ltr'>quum</span> <span class='ocrx_word' id='word_1_251' title='bbox 561 2589 638 2631; x_wconf 90' lang='lat' dir='ltr'>modus</span> <span class='ocrx_word' id='word_1_252' title='bbox 657 2603 699 2631; x_wconf 89' lang='lat' dir='ltr'>non</span> <span class='ocrx_word' id='word_1_253' title='bbox 717 2597 850 2647; x_wconf 81' lang='lat' dir='ltr'>exponetur,</span> <span class='ocrx_word' id='word_1_254' title='bbox 883 2609 928 2650; x_wconf 84' lang='lat' dir='ltr'>quo</span> 
     </span>
     <span class='ocr_line' id='line_1_28' title="bbox 8 2666 926 2727; baseline -0.003 -10"><span class='ocrx_word' id='word_1_255' title='bbox 8 2678 69 2720; x_wconf 85' lang='lat' dir='ltr'>Deus</span> <span class='ocrx_word' id='word_1_256' title='bbox 82 2675 180 2717; x_wconf 88' lang='lat' dir='ltr'>homines</span> <span class='ocrx_word' id='word_1_257' title='bbox 198 2679 292 2726; x_wconf 81' lang='lat' dir='ltr'>moveat,</span> <span class='ocrx_word' id='word_1_258' title='bbox 315 2685 356 2714; x_wconf 91' lang='lat' dir='ltr'>non</span> <span class='ocrx_word' id='word_1_259' title='bbox 372 2676 431 2712; x_wconf 85' lang='lat' dir='ltr'>certe</span> <span class='ocrx_word' id='word_1_260' title='bbox 447 2666 531 2711; x_wconf 87' lang='lat' dir='ltr'>definiri</span> <span class='ocrx_word' id='word_1_261' title='bbox 548 2675 627 2725; x_wconf 83' lang='lat' dir='ltr'>potest,</span> <span class='ocrx_word' id='word_1_262' title='bbox 647 2676 720 2712; x_wconf 88' lang='lat' dir='ltr'>utrum</span> <span class='ocrx_word' id='word_1_263' title='bbox 737 2671 841 2727; x_wconf 82' lang='lat' dir='ltr'>Gregorii</span> <span class='ocrx_word' id='word_1_264' title='bbox 855 2673 926 2718; x_wconf 79' lang='lat' dir='ltr'>verbis</span> 
     </span>
     <span class='ocr_line' id='line_1_29' title="bbox 8 2749 756 2814; baseline -0.007 -15"><span class='ocrx_word' id='word_1_265' title='bbox 8 2756 161 2814; x_wconf 78' lang='lat' dir='ltr'>Augustiniene</span> <span class='ocrx_word' id='word_1_266' title='bbox 177 2756 281 2798; x_wconf 82' lang='lat' dir='ltr'>sententie</span> <span class='ocrx_word' id='word_1_267' title='bbox 296 2753 368 2807; x_wconf 82' lang='lat' dir='ltr'>subsit,</span> <span class='ocrx_word' id='word_1_268' title='bbox 384 2764 410 2794; x_wconf 83' lang='lat' dir='ltr'>an</span> <span class='ocrx_word' id='word_1_269' title='bbox 425 2750 466 2793; x_wconf 86' lang='lat' dir='ltr'>elio</span> <span class='ocrx_word' id='word_1_270' title='bbox 479 2752 551 2793; x_wconf 81' lang='lat' dir='ltr'>mode</span> <span class='ocrx_word' id='word_1_271' title='bbox 562 2749 690 2807; x_wconf 76' lang='lat' dir='ltr'>explicanda</span> <span class='ocrx_word' id='word_1_272' title='bbox 706 2752 756 2796; x_wconf 88' lang='lat' dir='ltr'>sint.</span> 
     </span>
    </p>
   </div>
   <div class='ocr_carea' id='block_1_3' title="bbox 602 2831 652 2875">
    <p class='ocr_par' dir='ltr' id='par_1_5' title="bbox 602 2831 652 2875">
     <span class='ocr_line' id='line_1_30' title="bbox 602 2831 652 2875; baseline -0.04 0"><span class='ocrx_word' id='word_1_273' title='bbox 602 2831 652 2875; x_wconf 83' lang='lat' dir='ltr'>Nu</span> 
     </span>
    </p>
   </div>
   <div class='ocr_carea' id='block_1_4' title="bbox 0 0 1004 2998">
    <p class='ocr_par' dir='ltr' id='par_1_6' title="bbox 0 0 1004 2998">
     <span class='ocr_line' id='line_1_31' title="bbox 0 0 1004 2998; baseline 0 3"><span class='ocrx_word' id='word_1_274' title='bbox 0 0 1004 2998; x_wconf 95' lang='lat' dir='ltr'> </span> 
     </span>
    </p>
   </div>
  </div>
 </body>
</html>
