1999 2998
471 113 499 157 61

423 169 547 180 Μ

19 238 97 276 tamen
112 220 266 279 mutabilitatis
282 245 339 279 usus
356 245 385 276 ea
400 236 492 291 primae
506 229 721 292 praeuaricationis
739 227 793 273 uitio
810 225 862 283 jum
878 233 944 285 quast

21 315 46 358 s'u
65 321 173 359 natur-om
190 317 256 361 veuit
271 338 303 348 —-
329 315 484 361 Delectaticuis
499 315 572 367 avida,
596 315 681 370 quaerit
698 326 740 370 quc
757 315 845 369 pauset,
876 323 945 352 unum

18 410 70 440 vero
84 393 155 454 <quem
176 394 308 441 sufficienter
329 382 412 438 habere
430 398 528 453 poterat“
555 393 647 453 (Deum)
668 394 758 449 „amisit
795 389 860 439 Unde.
883 406 944 435 nunc
976 388 978 392 ’

17 478 141 534 permulta
158 468 253 535 ducitur,
269 484 294 520 ut
313 476 364 533 quia
380 475 483 532 qualitate
498 489 571 518 rerum
589 489 633 516 non
650 476 821 540 poterusaltem
835 474 943 519 varietate

16 559 130 602 satietur.“
145 559 225 602 XXVI.
243 570 278 614 79.
294 540 346 611 „Ex
363 564 415 617 typo
432 558 526 601 hermani
537 545 634 614 generis
651 571 690 613 per
706 557 834 613 psalmistam
851 553 899 613 (58,
917 554 941 613 7)

17 633 108 682 dicitur:
125 640 265 682 Incurvutus
278 652 329 682 sum
344 646 367 684 et
383 621 579 684 humiliaturum
596 651 762 694 usquequaque.
795 637 941 694 Contemplaz

16 727 51 763 tus
68 733 173 776 namque,
188 721 245 777 qnod
261 721 288 763 ad
303 725 420 778 supernam
435 721 506 764 lucem
521 719 648 762 intuendam
664 717 729 760 homo
745 719 840 763 conditus
855 716 940 772 fuerat,

15 802 54 843 sed
71 802 164 859 peccatis
176 800 312 856 exigentibus
327 800 388 845 foras
402 804 488 855 missus,
513 801 591 844 mentis
607 812 661 841 suae
680 799 778 843 tenebras
794 808 876 858 portat,
896 815 937 845 su-

15 894 85 937 perna
100 894 143 922 non
157 880 254 936 appetit,'
269 879 350 923 infimis
364 882 467 936 intendit,
485 882 583 924 caelestia
597 894 734 938 nequaquam
752 882 868 937 desiderat,
886 892 936 946 ter-

15 948 69 1004 rena
86 975 171 1017 semper
186 961 208 1002 in
222 961 294 1003 animo
311 970 395 1017 versat5
419 969 441 1007 et
456 963 497 1005 hoc
512 964 568 1019 quod
587 977 611 1004 se
625 976 663 1004 suo
680 975 759 1018 genere
773 963 850 1018 doluit,
873 965 896 1007 in
911 978 936 1008 se

14 1043 62 1099 ipso
77 1042 210 1095 exclamavit,
224 1043 307 1085 dicens:
338 1044 466 1087 Incurvatus
477 1058 523 1087 sum
538 1051 560 1087 et
572 1043 758 1106 humiIiatussum
775 1057 937 1101 usquequaque.

14 1122 224 1179 Contemplationem
240 1137 335 1180 namque
352 1124 476 1169 caelestium
493 1126 597 1181 perdens,
622 1124 641 1167 si
661 1124 706 1167 sola
725 1124 793 1165 carnis¹
814 1127 937 1167 necessaria

12 1203 80 1246 homo
94 1204 208 1259 cogitaret,
222 1206 353 1249 :incurvatus
367 1212 390 1248 et
403 1206 526 1249 humiliatus
542 1212 599 1249 esset
604 1239 612 1261 ,
632 1205 670 1247 sed
687 1211 760 1246 tamen
777 1219 938 1264 usquequaque

13 1298 58 1326 non
77 1291 139 1327 esset.
171 1286 243 1339 Quem
263 1299 316 1342 ergo
337 1299 351 1327 a
371 1287 469 1345 supernis
488 1285 654 1340 cogitationibus
671 1298 716 1326 non
734 1283 803 1342 solum
822 1289 937 1331 necessitas

14 1363 96 1425 dejicit,
110 1366 149 1407 sed
167 1366 231 1408 etiam
247 1366 347 1423 voluptas
360 1366 433 1409 illicita
450 1368 532 1419 sternit,
548 1381 592 1409 non
608 1366 678 1408 solum
694 1366 825 1419 incurvatus,
835 1369 879 1411 sed
897 1383 936 1414 usa

13 1450 146 1502 quequaque
155 1447 277 1491 incurvatus
292 1449 348 1490 est.“
378 1448 403 1489 In
418 1447 513 1504 Evangg.
526 1447 585 1489 hom.
599 1446 681 1489 XXXI.
696 1443 714 1503 §-
731 1459 750 1499 7.
803 1484 805 1487 a

75 1526 134 1578 „Nos
151 1529 193 1570 uati
210 1529 232 1570 in
247 1528 312 1584 hujus
326 1529 504 1586 peregrinationis
519 1541 636 1580 aerumna,
652 1527 695 1569 buc
715 1524 821 1569 fastidiosi
834 1529 877 1584 jam
894 1545 937 1574 ve-

11 1607 95 1660 nimus,
119 1620 160 1650 nec
174 1592 253 1652 scimus
267 1609 321 1665 quid
338 1609 462 1651 desiderare
477 1607 607 1662 debeamus3
635 1611 739 1661 tantoque
755 1620 778 1647 se
794 1609 885 1664 amplius
901 1609 938 1653 fa-

10 1686 68 1730 stidii
82 1689 150 1730 nostri
166 1690 253 1733 morbus
264 1696 391 1751 ,exaggerat
408 1696 487 1745 quanto
501 1688 568 1744 magis
582 1687 610 1730 ab
625 1700 665 1728 usu
680 1686 739 1728 illius
752 1687 870 1733 dulcedinis
886 1694 936 1735 ani·
974 1750 975 1753 Ἴ

11 1773 59 1809 'mus
79 1766 176 1822 elongat,
188 1776 213 1811 et
230 1783 255 1810 eo
268 1769 312 1822 jana
329 1750 425 1810 internas
439 1769 524 1810 delicias
539 1781 583 1809 non
600 1767 689 1823 appetit,
707 1780 750 1821 quo
766 1780 800 1809 eas
817 1774 933 1814 comedere

11 1847 50 1889 diu
67 1846 173 1903 longeque
186 1848 288 1890 desuevit.
307 1847 423 1890 Fastidio.
433 1860 484 1902 ergo
498 1855 570 1891 nostro
584 1847 722 1903 tabescimus,
739 1847 831 1903 etlonga
845 1850 932 1895 inediae

10 1934 76 1986 peste,
89 1927 208 1985 fatigamur.
244 1929 272 1971 Et
293 1929 345 1985 quia
367 1935 453 1985 gustare
470 1930 526 1973 intus
546 1929 647 1971 nolumus
668 1934 765 1984 paratam
786 1929 932 1987 dulcedinem,

11 2023 109 2052 amamus
126 2007 178 2052 foris
196 2010 268 2053 miseri
285 2008 368 2053 famem
384 2011 499 2054 nostram.“
530 2010 555 2052 In
568 2006 664 2065 Evangg.
681 2009 739 2051 horn.
757 2008 857 2056 XXXVI.
877 2013 895 2071 ᾗ
912 2025 933 2057 ι.’

50 2113 52 2116 f
70 2090 195 2134 Praesentis
210 2099 283 2136 autem
301 2092 359 2136 vitae
376 2086 446 2145 exilii,
467 2093 496 2150 in
508 2092 565 2148 quod
581 2092 713 2147 homonpost
731 2089 814 2146 lapsum
832 2094 930 2137 detrusus

9 2168 90 2224 sit„In=
100 2168 201 2224 Gregorii
214 2173 297 2227 scriptis
316 2187 381 2227 saepe
399 2173 479 2215 mentio
495 2172 525 2218 fit.
560 2173 700 2214 Praesentem
716 2172 781 2213 vitam
797 2189 929 2226 „aerumno-

10 2264 58 2294 sum
75 2247 178 2293 exilium“
198 2257 270 2293 noster
287 2251 392 2307 appellat,
411 2265 505 2307 eamque
523 2252 557 2293 his
573 2252 646 2296 uerbis
665 2252 766 2307 depingit.
794 2255 880 2306 „Homo
900 2271 929 2299 ex

9 2331 109 2390 paradiso
128 2332 200 2387 pulsus
219 2346 279 2376 veras
299 2332 384 2374 interni
402 2333 473 2389 gaudii
494 2332 576 2377 divitias
597 2333 674 2374 amisit.
705 2333 774 2376 Eleeti
792 2336 869 2391 quique
890 2338 929 2379 in-

9 2418 119 2457 cessanter
133 2413 272 2468 conspiciunt,
291 2414 391 2469 quod-in
408 2415 525 2470 praesentis
539 2415 724 2472 vitaepenuriam
741 2414 766 2456 ab
780 2415 814 2456 illa
830 2423 931 2471 potesta-

10 2499 37 2539 tis
54 2493 162 2550 ingenitae
176 2491 428 2536 Iacultateiceciderunt,
446 2517 486 2539 —‚
505 2496 607 2551 Quisquis
624 2496 679 2538 haee
697 2496 765 2538 adhuc
780 2497 869 2540 visibilia
887 2516 932 2558 ap—

9 2576 91 2631 p'etit,·'
107 2573 282 2633 peregrinationis
301 2573 456 2616 suaemalum
480 2588 523 2617 non
546 2576 683 2632 intelligite*
699 2576 753 2619 Mor.
778 2576 881 2624 XXXIV.
909 2586 932 2626 5.

9 2656 95 2710 „Quod
111 2658 188 2698 amissa
200 2656 286 2698 caelesti
304 2655 373 2712 patria
387 2655 484 2710 repulsus
502 2655 567 2697 homo
586 2656 706 2699 delectatur
721 2648 801 2710 exilio,
832 2661 934 2717 gravatur

10 2735 98 2791 curis,v
116 2738 173 2792 quod
188 2739 281 2793 priuatus
298 2736 428 2780 estinterno
443 2736 533 2790 lumine,
555 2744 576 2780 et
589 2743 673 2794 'tamen‘
683 2739 705 2781 iu
722 2739 764 2783 hac
777 2742 820 2787 vita
836 2745 872 2787 diu
891 2744 935 2789 vult

646 2820 656 2861 I
674 2833 686 2861 2
