1999 2998
423 54 551 115 ‚aaz

91 169 192 213 Eundem
210 184 294 213 sensum
312 170 381 212 multa
397 170 438 212 alia
460 172 506 213 loca
525 171 635 214 exhibent.
664 174 742 228 „Quos
765 180 786 216 et
807 174 889 218 eiectos
907 189 948 219 nor

22 251 103 305 minat,
118 253 166 307 quia
185 254 258 294 ceruit
275 251 332 308 quod
352 253 375 293 in
391 250 440 293 fide
452 260 475 295 et
490 252 549 295 bono
569 266 633 309 opere
650 257 787 310 persistant.“
821 256 845 297 Iu
867 258 947 300 Erech,

22 332 60 374 lib.
75 335 90 373 Ι.
105 333 162 396 hom,
179 334 217 376 tx.
232 333 249 391 §-
260 336 280 376 8.
299 334 452 387 „Pititisthiim
468 335 547 377 abiere
564 336 586 376 iu
601 336 650 384 loco
665 351 711 378 sua
730 335 750 395 (1
769 339 824 380 Sam.
844 338 880 391 id,
894 336 947 395 ab).

23 397 154 456 Tacentibus
172 416 259 470 quidem
277 417 408 468 doctoribus,
424 417 447 458 in
463 415 508 459 loca
524 431 566 458 sua
584 417 699 460 daemones
718 418 807 472 abeunt,
843 419 894 473 quia
909 432 949 473 per

23 501 132 549 pastorum
147 496 256 538 silentium
272 511 314 539 non
331 504 436 555 pereunt,
449 498 490 539 -nisi
508 499 559 553 quia
574 498 682 541 advitam
698 507 807 542 aeternam
825 500 949 555 praedesti·

24 577 69 617 nati
92 591 133 618 non
149 585 206 620 sunt.
245 580 303 622 Loca
322 580 403 624 etenim
424 580 630 633 daemonumsunt3
649 579 701 634 quia
720 580 798 623 divina
812 582 949 638 praescien-

24 657 58 698 tut
76 659 261 702 inhabitaculum
279 662 319 703 Dei
340 662 485 718 praeordinati
501 673 546 713 non
562 668 616 701 sunt.
645 659 704 701 Hinc
722 668 760 713 est,
778 663 841 716 quod,
859 661 948 717 praedi-

24 740 122 782 cantibus
140 742 216 796 primis
227 743 368 794 doctoribus,
396 743 473 784 dicitur
489 739 547 798 (act.
567 744 602 793 15,
616 739 671 798 483:
686 747 688 749 ’
704 741 826 783 Credebant
842 748 949 797 quotquot

22 822 176 876 praedestinati
193 831 254 866 erant
268 825 294 865 ad
312 826 379 867 uitam
396 831 519 866 aeternam:
543 822 601 864 Hinc
616 824 695 865 Paulus
709 820 786 880 (Rom.
804 822 825 876 8,
841 825 889 879 50.)
909 825 948 865 ait:

24 904 88 956 Quos
101 904 215 959 praescivit
231 911 253 946 et
269 907 452 961 praedestinavit,-
464 914 485 949 et
500 916 555 962 quos
571 903 752 960 praedestinavit,
771 906 859 948 vocavit.
890 905 948 946 Hinc

25 991 65 1035 est,
82 986 139 1039 quod
154 986 251 1027 volentes
267 986 364 1042 Apostoli
382 988 471 1030 transire
487 988 509 1028 iu
525 985 609 1037 Asiam,
628 995 641 1025 as
656 985 737 1040 Spiritu
757 992 828 1027 sancto
843 986 947 1041 prohibiti

24 1072 74 1107 sunt
91 1065 147 1123 (Act.
166 1066 219 1122 rb).
251 1067 294 1121 Qui
314 1081 368 1122 ergo
389 1082 431 1109 non
453 1067 604 1123 praedestinati
622 1071 680 1118 sunt,
699 1067 744 1108 sive
763 1067 849 1108 audiant
871 1067 948 1108 docto-

24 1160 73 1188 rum
91 1142 225 1195 verba‚'sive
241 1162 282 1189 nou
296 1150 393 1204 audiant,
412 1150 481 1192 vocari
495 1150 518 1189 iu
534 1149 576 1190 Dei
595 1146 739 1189 habitaculum
757 1155 877 1204 nequeunt:
898 1148 948 1203 quia

23 1242 65 1283 per
81 1230 206 1284 nequitiam,
226 1230 248 1269 in
265 1238 371 1284 quaeunt
386 1238 435 1273 ante
453 1226 626 1272 constit-titionem
643 1230 718 1270 mundi
731 1228 888 1286 praecogniti,
914 1229 948 1270 lu-

23 1322 73 1349 cum
87 1310 109 1349 in
126 1322 149 1350 se
163 1310 263 1363 malignis
280 1312 391 1365 spiritibus
405 1295 540 1366 paraverunt.
573 1311 633 1352 Beue
648 1311 722 1364 igitur,
738 1311 788 1351 dum
801 1312 884 1366 insequi
893 1311 949 1353 Phi-

22 1390 109 1431 iistaeos
123 1404 205 1431 cessare
223 1390 301 1432 dicitur
318 1389 422 1448 (Saulus),
435 1384 457 1431 iu
471 1391 516 1432 loca
536 1405 575 1432 sua
589 1391 704 1431 daemones
719 1391 794 1431 abiisse
811 1390 948 1445 referentum

22 1472 72 1526 quia
93 1472 207 1527 aliquando
221 1472 263 1513 Dei
277 1472 434 1527 dispensatione
451 1473 549 1513 doctores
567 1478 647 1522 tacent,
676 1478 699 1511 ut
720 1471 759 1511 iilis
779 1472 898 1512 tacentibus
918 1471 948 1522 hi,

22 1553 60 1606 qui
75 1552 160 1593 Domini
180 1568 224 1594 nou
242 1561 298 1604 sunt,
319 1568 330 1593 a
349 1554 411 1594 maiis
431 1554 539 1608 spiritibus
560 1554 712 1608 recipiantmfl
743 1553 791 1593 Lib.
807 1552 831 1594 V⁴
848 1553 869 1593 iu
885 1552 948 1607 prim·

22 1635 110 1687 Regum
128 1648 171 1688 cap.
183 1635 203 1674 [r.
222 1632 240 1689 ᾗ.
254 1635 289 1687 59.

94 1715 314 1755 Praedestinationem
333 1713 453 1754 secuudum
474 1712 576 1766 Gregorii
598 1712 725 1752 seutentiam
751 1709 890 1765 praescimus
909 1713 948 1754 niti

22 1796 76 1836 inde
93 1796 155 1835 etiam
172 1802 272 1850 apparet,
295 1795 351 1851 quod
373 1794 437 1835 etiam
455 1794 552 1848 reprobis
571 1792 660 1833 liberum
681 1793 807 1844 arbitrium,
834 1809 859 1834 eo
877 1807 948 1843 sensu,

22 1892 66 1931 quo
82 1878 109 1917 sit
125 1877 215 1930 gratiam
232 1876 348 1931 accipiendi
367 1873 465 1927 facultas,
486 1875 565 1915 diserte
582 1872 660 1914 tribuit.
691 1874 767 1925 „Bene
785 1876 872 1915 dicitur:
894 1874 949 1927 Quis

23 1967 74 1999 ante
88 1958 147 1998 dedit
160 1957 221 2008 milii,
238 1964 261 1997 ut
278 1958 365 1998 reddam
383 1954 419 1997 ei?
452 1957 483 1999 Ao
498 1957 513 1996 si
530 1960 605 2009 aperte
620 1954 740 1995 diceretur:
768 1952 800 1994 Ad
815 1955 947 2008 parcendum

22 2038 123 2094 reprobis
143 2036 200 2077 nulia
218 2038 300 2077 ratione
321 2032 453 2091 compellor,
482 2037 530 2091 quia
551 2037 581 2076 eis
598 2033 681 2075 debitor
700 2048 728 2073 ex
749 2048 786 2075 sua
804 2036 888 2075 actione
905 2049 948 2076 non

21 2132 106 2162 teneor.
136 2118 229 2161 Idcirco
248 2118 306 2159 euim
326 2131 469 2174 nequaquam
489 2116 596 2158 caelestis
610 2115 703 2169 patriae
721 2116 829 2169 praemia
849 2122 948 2159 aeterua

22 2219 67 2245 nou
85 2202 209 2257 cccipnuut3
228 2200 281 2254 quia
299 2213 326 2239 oc
340 2212 402 2240 nuno
417 2199 469 2239 ditm
486 2196 619 2254 promereri
631 2200 752 2250 poterunt,
775 2210 802 2236 ca
821 2196 891 2237 libero
909 2211 949 2238 ar-

21 2286 89 2327 bitrio
111 2280 298 2324 euritcmser·uut.“
328 2279 384 2320 Mor.
402 2279 500 2320 XXXIII.
516 2280 553 2331 59.
578 2276 657 2329 „Quod
678 2290 718 2331 per
732 2275 871 2335 Evangeiiutu
889 2277 948 2330 (Do-

21 2361 102 2423 minus)
121 2364 171 2405 dicit
189 2361 260 2412 (Joau¹
276 2372 311 2411 12,
329 2360 389 2413 52.>:
407 2360 479 2411 Quum
496 2359 603 2398 exaltatus
619 2354 680 2395 fuero
697 2371 710 2396 a
732 2363 796 2410 terra,
814 2359 884 2399 omnia
901 2365 949 2399 tra-

20 2445 72 2485 ham
90 2442 118 2482 ad
134 2454 168 2481 me
184 2443 268 2497 ipsum,
295 2440 364 2480 omnia
384 2437 483 2481 videlieet
499 2437 575 2478 eiecta.
608 2435 661 2477 Nam
683 2437 741 2478 trahi
761 2438 787 2479 ad
804 2439 874 2480 Deum
898 2442 947 2491 post

19 2530 113 2566 mortem
131 2535 172 2563 non
187 2522 271 2579 potuit,
289 2522 325 2576 qui
341 2534 364 2561 se
381 2532 397 2561 α
413 2518 461 2561 Deo
481 2520 540 2561 mule
557 2518 653 2559 vivendo
668 2520 817 2574 septocacitf‘
837 2518 889 2559 Lib.
902 2517 947 2560 VH.

20 2606 82 2661 epist.
100 2606 135 2646 58,

86 2684 186 2726 Ceterum
206 2681 326 2738 Gregorius
345 2683 373 2725 de
391 2680 530 2738 praescientia
551 2679 595 2721 Dei
620 2680 671 2721 satis
689 2677 799 2721 subtiliter
821 2679 948 2737 disputabat.
