1999 2998
412 73 539 139 Q

6 192 138 246 judicando
151 195 283 251 permittam
312 193 367 235 slent
382 193 402 235 ei
420 194 442 235 in
457 194 553 236 oratione
569 203 654 249 quoque
670 189 776 232 dicimus:
810 189 838 229 Fu
855 202 881 230 ue
901 203 939 232 nos

11 271 93 317 inferas
108 276 135 319 iu
147 277 297 330 tentationem3
314 276 335 316 id
351 281 384 317 est
397 275 471 316 induci
488 276 575 317 minime
587 274 734 331 per·mr'ltus.“
764 271 821 314 Mor.
837 270 894 312 XIII.
904 271 940 311 56,

11 356 154 408 „Peccatum,
177 357 236 412 quod
253 371 279 398 ex
296 363 384 413 peccato
399 356 486 407 oritur,
511 370 553 397 non
569 356 617 410 >jem
638 361 751 409 peccatum
778 351 936 402 tautummodo,

10 438 55 479 sed·
65 444 178 492 peccatum
195 444 226 479 est
245 445 266 480 ct
280 450 347 493 poena
363 438 457 490 peccati:
488 437 537 491 quia
556 436 611 490 justo
626 436 705 489 judicio
721 437 858 491 omnipotens
875 433 937 475 Deus

10 532 47 559 cor
58 518 168 574 peccantis
184 517 302 571 obnubilat,
318 522 341 557 ut
357 517 508 572 praecedentis
523 516 604 571 peccati
621 518 697 558 merito
715 519 779 560 etiam
797 517 818 557 in
833 516 879 557 aliis
896 529 936 556 ca-

5 600 53 642 dat.
86 600 159 653 Quem
176 593 233 638 enlm
251 597 341 640 liberare
357 598 439 650 noluit,
466 597 585 639 deserendo
602 598 712 652 percussit.
731 629 732 633 ,
749 599 797 641 Non
818 611 871 653 ergo
890 597 933 637 im-

10 681 89 722 merito
107 692 176 734 poena
192 680 273 733 peccati
289 679 381 732 dicitur,
399 679 456 735 quod
475 678 529 733 justo
547 679 640 733 desuper
657 679 750 734 irrogata
769 681 888 730 caecitate,
906 692 934 719 ex

10 759 160 816 praecedentis
181 759 261 813 peccati
280 759 358 801 ultione
376 761 535 815 perpetratur.“
568 758 637 801 XXV.
654 771 690 799 22.
721 761 872 811 „Pensnndum
892 766 931 810 est,

10 841 69 895 quod
87 839 172 878 occulto
190 838 277 877 oonsilio
298 839 435 894 omnipotens
455 840 515 880 Deus
530 841 631 894 quosdam
653 840 690 881 eb¹
703 841 752 896 ipsIs
775 842 868 882 exordiis
887 842 931 882 suis

10 921 137 959 innocentes
156 919 286 971 custodiens,
311 931 378 973 usque
398 919 426 960 ad
449 920 550 968 virtutum
572 920 670 975 provehit
690 934 783 963 summa:
813 928 837 962 ut
859 928 928 963 aetate

7 1005 133 1050 crescente,
159 999 222 1039 simul
240 1000 261 1039 in
280 1000 310 1041 eis
328 999 426 1056 proficiat
446 1007 468 1042 ct
483 1013 590 1043 :annorum
606 1003 756 1053 numerositas,
781 1009 802 1044 et
826 1003 930 1044 celsitudo

10 1081 145 1122 meritorum.
176 1079 234 1122 Alios
248 1094 298 1123 vero
316 1083 338 1124 in
355 1082 449 1123 exordiis
462 1081 505 1122 suis
521 1081 620 1122 deserens
636 1082 801 1124 scaturientibus
819 1084 883 1133 uitiis,
900 1084 931 1124 ire

10 1176 50 1217 per
70 1162 163 1216 abrupta
184 1162 315 1216 per=rnittit.“
345 1161 424 1203 XVIII.
443 1161 479 1202 2b'.
509 1163 583 1214 „Buca
603 1160 684 1204 faciens
702 1168 724 1210 et
744 1163 845 1203 ordinans
864 1163 930 1216 Deus,

11 1243 66 1284 mala
84 1256 135 1286 vero
150 1255 194 1284 ,non
212 1239 298 1294 inciens,
314 1243 351 1283 sed
369 1242 396 1282 ab
414 1243 492 1296 iniquis
502 1241 567 1293 Iacto,
584 1255 611 1282 ne
627 1242 748 1283 inordinate
764 1243 870 1296 eveniunt,
887 1244 932 1299 ipse

7 1326 134 1379 disponens,
150 1323 273 1365 considerat
286 1323 436 1366 uniuersorum
456 1321 528 1375 finem,
549 1329 571 1365 et
588 1323 694 1378 patienter
709 1323 787 1364 toleret
802 1323 878 1378 omnia,
896 1331 931 1366 at-

10 1419 53 1459 quc
69 1405 166 1446 intuetur
183 1404 300 1446 electorum
317 1404 446 1456 terminum,
479 1403 535 1458 quod
554 1417 582 1443 ex
599 1402 653 1444 malo
669 1410 781 1446 mutentur
796 1405 826 1464 ad
837 1404 929 1446 bonum.

10 1487 109 1526 Intuetur
126 1485 189 1527 etiem
206 1485 345 1540 reproborum
360 1483 433 1536 finem,
449 1484 506 1539 quod
522 1484 549 1525 de
565 1485 624 1525 mulo
642 1498 712 1541 opere
729 1486 824 1541 dignum
840 1500 865 1527 se
881 1492 929 1527 tra·

12 1568 97 1608 horitur
115 1567 152 1607 ,ud
170 1567 323 1621 suppliciumf‘
353 1562 370 1619 tl
387 1563 423 1603 46.
440 1563 530 1615 „Nullus
547 1563 617 1605 obviat
632 1565 724 1618 justitiae
743 1565 888 1620 relinquentis.
900 1589 930 1596 -—

10 1647 43 1689 Ad
58 1647 136 1688 Mosen
152 1645 230 1686 (licitur
245 1647 272 1701 de
289 1646 412 1687 Pharaone:
436 1644 482 1698 Ego
498 1642 608 1683 obdurabo
626 1658 663 1685 cor
679 1646 732 1698 ejus.
764 1645 879 1687 Obdurere
892 1660 930 1701 per

10 1728 115 1781 justitiam
124 1725 210 1766 'dicitur
225 1726 291 1775 Deus,
309 1726 395 1780 quando
413 1738 454 1765 cor
470 1723 588 1778 reprobum
601 1725 763 1780 pergratiam
782 1739 825 1767 non
841 1728 928 1767 emollit.

10 1805 112 1850 Recludit
126 1806 198 1860 itaque
215 1806 335 1857 hommem,
358 1818 423 1861 quem
438 1806 461 1846 io
474 1817 565 1845 suorum
579 1819 670 1860 operum
685 1805 785 1847 tenebris
799 1806 928 1862 relinquitf‘

10 1888 47 1931 XI.
60 1889 94 1929 15.
112 1887 185 1939 „Iusto
202 1887 280 1940 judicio
297 1884 399 1942 superbas
412 1892 495 1926 mentes
511 1885 536 1926 ad
553 1885 636 1941 culpem
651 1886 726 1939 egredi
742 1899 769 1927 ex
782 1894 869 1941 acceptu
885 1889 930 1928 vir-

10 1975 56 2010 tute
69 1969 187 2024 permittit.
205 1990 232 2000 --
265 1968 394 2023 Plerumque
411 1967 466 2007 sacri
482 1967 560 2022 eloquiI
577 1967 686 2008 seientiam
704 1974 810 2022 praestet,
826 1969 864 2009 sed
879 1969 928 2009 dum

10 2051 37 2090 de
54 2049 132 2090 eadem
148 2048 246 2100 scientia,
275 2050 292 2089 is
308 2049 342 2103 qui
357 2048 447 2103 accipit,
466 2048 586 2101 extollitur,
606 2046 637 2090 ut
654 2049 744 2090 districti
758 2049 833 2103 judicis*
848 2050 869 2090 in
884 2049 928 2102 ipso

10 2143 71 2171 sacro
88 2128 174 2182 eloquio
191 2135 297 2181 caecetur,
314 2137 336 2172 ut
350 2131 469 2171 exteriores
486 2128 568 2170 favores
583 2129 691 2184 perillam
706 2142 806 2183 sequens,
827 2129 871 2182 ejus
886 2128 927 2181 jam

9 2213 94 2253 interna
109 2222 151 2249 non
167 2208 247 2261 videat,
265 2211 336 2263 etqui
354 2211 410 2250 intus
422 2222 509 2248 manens
519 2209 588 2250 celere
604 2214 693 2264 poterat,
709 2210 809 2249 exeundo
823 2206 927 2261 frigescat,

11 2294 142 2345 duratusque
161 2290 182 2329 in
201 2289 242 2328 ima
261 2295 351 2340 currunt,
371 2288 407 2343 qui
429 2288 455 2327 ad
476 2289 617 2341 cognitionem
634 2289 675 2329 Dei
698 2288 758 2342 prius
775 2288 889 2329 tractabilis
908 2290 929 2329 in

11 2373 99 2415 summis
116 2369 209 2425 liquidus
223 2368 296 2412 stabat,
313 2392 339 2401 -·
361 2369 420 2424 Quia
437 2374 521 2422 oportet
535 2381 580 2409 esse
594 2369 704 2420 haereses,
721 2376 745 2411 ut
763 2368 845 2424 probati
860 2369 932 2410 muni-

11 2454 60 2498 festi
74 2453 133 2504 fiant,
146 2464 216 2506 quum
233 2451 258 2491 ab
277 2451 383 2493 intellectu
401 2463 453 2490 sono
472 2462 531 2489 mens
550 2449 641 2505 superba
658 2449 780 2505 repellitur,
798 2449 879 2491 ultione
897 2451 934 2490 ‹li-

11 2537 79 2579 strioti
98 2533 172 2589 judicis
191 2531 239 2586 gelu
257 2532 283 2572 cle
301 2530 358 2572 caelo
376 2536 501 2584 generatur:
524 2537 547 2571 ut
565 2545 630 2585 quum
649 2532 694 2586 ipsu
710 2532 816 2586 scripture
835 2544 896 2572 sacru
914 2533 936 2573 ln

11 2619 130 2659 electorum
149 2612 247 2654 cordibus
264 2612 337 2662 culeat,
356 2626 391 2653 eos
407 2612 444 2666 qui
461 2623 483 2651 se
499 2611 590 2666 superbe
605 2612 659 2653 scire
676 2618 795 2667 appetunt,
820 2625 833 2652 a
852 2626 876 2653 se
894 2611 935 2653 Iri-

11 2698 71 2752 gulos
86 2698 177 2739 emittet.
206 2694 236 2736 Ibi
252 2695 329 2751 quippe
345 2700 424 2744 errant,
442 2691 477 2733 ubi
494 2689 601 2747 corrigere
616 2699 686 2734 errnto
701 2692 836 2748 debuerant,
852 2701 873 2736 et
885 2695 933 2742 duur

620 2773 641 2826 Q
