1999 2998
17 221 127 278 liberavit,
148 220 184 282 qui
195 234 250 268 eum
266 219 289 269 el
304 228 418 269 tenturum
435 237 484 267 esso
498 221 647 277 crediderunt,
668 214 690 265 et
706 220 823 280 praecepta
840 218 885 276 ejus
902 223 936 267 *ri-¹

17 307 88 352 vendo
103 308 241 350 tenuerunt.“
269 305 317 349 Lib.
332 305 378 349 Vll.
397 304 458 362 epist.
477 305 512 349 15.
567 328 569 331 .

77 390 178 432 Ceterum
197 394 285 444 peccato
305 379 332 430 τὸ
356 400 402 429 esse
420 384 555 441 abjudicabant
575 383 698 440 Gregorius.
727 385 871 440 „Peccatum
886 399 938 430 esse

16 473 101 515 nullum
118 470 207 512 horem
237 469 262 511 ln
279 467 373 524 primurn
389 466 476 521 Regum
495 464 570 508 libV.
586 467 664 522 capla.
682 466 699 524 ᾗ.
714 469 748 510 14.
779 465 813 511 rin
831 468 865 511 his
882 482 936 514 ver-

17 555 49 595 bis
66 551 150 609 gravior
165 548 235 591 subsit
248 538 360 603 sententia,
377 562 418 606 qua
434 547 560 604 Gregorius,
576 559 636 589 more
650 546 810 605 Augustiniano,
825 551 935 606 significa-

17 635 85 686 verit,
99 636 213 689 peccatum
224 643 268 671 non
284 630 310 671 ad
327 629 418 672 bominis
436 628 575 672 substantiam
592 629 708 685 pertinere,
725 645 790 686 quum
800 632 872 674 omnis
881 632 935 675 sub-

15 714 106 758 stantiae
116 713 183 768 'origo
198 726 209 753 a
224 711 273 754 Deo
289 711 334 766 ejus
349 717 437 753 auctore
453 710 572 767 repetenda
587 710 625 763 sit,
645 710 684 752 sed
696 711 775 767 aliquid
790 713 934 769 accidentale,

15 796 73 854 quod
90 793 219 839 substantiae
235 791 327 833 hominis
342 791 465 844 inhaereat,
489 791 511 832 in
530 790 685 835 dubitationem
700 793 766 845 cadit,
789 809 854 852 quum
871 794 934 837 Gre-

12 878 89 933 gorius
104 874 126 914 in
142 873 198 913 hanc
214 884 260 913 rem
276 872 395 912 accuratius
412 884 455 913 non
472 871 610 926 inquisiverit.
641 873 763 915 Secundum
778 877 880 919 orationis
895 890 932 918 se-

16 958 71 999 riem
92 955 114 996 id
133 959 205 996 noster
224 952 266 995 boc
289 952 336 994 loco
355 952 483 1008 significasse
504 951 601 1003 videtur,
628 961 738 1009 peccatum
758 969 811 998 vano
832 963 854 999 et
873 947 932 1000 inani

16 1037 109 1087 servire,
138 1041 205 1089 arque
223 1034 291 1084 adeo,
319 1030 386 1088 quum
406 1044 487 1077 vanum
502 1040 523 1074 et
540 1034 604 1075 inane
623 1037 687 1078 modo
704 1037 797 1092 speciem
815 1038 933 1080 exsistendi

16 1113 191 1176 praeseferat,
215 1128 239 1155 re
256 1128 305 1156 vera
322 1127 364 1155 non
384 1127 436 1155 esse.
471 1113 529 1156 Mala
547 1122 618 1158 autem
637 1117 725 1173 physica
743 1114 819 1160 ustura
836 1115 874 1158 suti
890 1131 933 1160 non

15 1199 138 1247 subsistere,
156 1194 198 1235 alio
214 1194 261 1236 loco
277 1195 357 1237 diserte
373 1194 475 1238 affirmat·
506 1195 560 1237 Nam
577 1189 607 1237 ad¹
620 1196 673 1238 illud
689 1198 756 1239 isaiae
773 1197 815 1249 45,
834 1211 854 1251 7.
884 1198 934 1255 Ego

16 1280 134 1329 nominos,
155 1280 283 1318 erroneo
299 1266 367 1326 aller,
380 1277 491 1331 formans
508 1278 593 1326 locem,
609 1282 630 1318 et
648 1290 731 1319 ereans
747 1277 867 1327 tenebra83
888 1280 935 1334 fa·

16 1363 77 1403 ciens
90 1371 185 1415 pacem,
206 1358 420 1407 stercorantem,
439 1356 493 1397 haee
516 1356 577 1398 affert
597 1356 725 1411 Gregorius:
751 1357 841 1413 „Neque
861 1362 932 1412 male,

17 1433 75 1501 quae
91 1438 155 1482 nullci
171 1436 215 1479 soa
233 1436 319 1478 notarri
334 1437 468 1487 subsistunt,
493 1451 505 1477 a
522 1437 616 1478 Domino
634 1444 744 1490 creantur;
766 1439 804 1479 sed
819 1453 892 1481 creare
908 1456 932 1484 se

16 1524 72 1570 mala
88 1520 193 1563 Dominus
208 1518 294 1571 iudicat,
309 1531 375 1574 quum
390 1531 424 1559 res
441 1518 496 1559 bene
510 1519 605 1559 conditos
623 1517 685 1559 nobis
701 1518 756 1559 male
771 1519 893 1573 agentibus,
910 1521 934 1563 in

16 1604 125 1661 flagellum
142 1598 233 1641 format:
248 1605 271 1640 ut
285 1611 311 1640 ea
325 1598 370 1654 ipsa
386 1606 408 1641 et
424 1612 463 1654 per
477 1599 582 1650 dolorem,
596 1611 639 1654 quo
656 1596 745 1650 feriunt,
760 1599 935 1655 delinquentibus

15 1683 71 1725 mala
89 1681 142 1731 siut:
158 1686 180 1721 et
193 1691 232 1733 per
246 1685 351 1731 naturam,
368 1694 409 1736 qua
425 1679 525 1730 existunt,
543 1679 606 1720 bona.
638 1678 701 1720 Unde
719 1685 741 1720 et
756 1693 861 1722 venenum
877 1694 935 1723 mors

16 1763 102 1822 quidem
122 1765 153 1801 est
168 1758 314 1801 homiuirsed
329 1767 400 1803 tamen
417 1762 460 1804 vita
476 1759 592 1816 serpenti.“
623 1757 679 1800 Mor.
695 1758 730 1799 lll.
749 1760 783 1802 15.

438 1901 455 1960 p.
476 1917 509 1957 17.

32 2012 33 2016 ’
82 2002 186 2062 Quamuis
205 2009 276 2046 autern
292 2002 314 2045 in
331 2004 433 2060 Gregorii·
453 2005 549 2047 doctriua
569 2004 595 2045 de
615 2007 703 2058 peccato
725 2001 822 2057 originali
845 2001 933 2058 ejusque

16 2085 169 2142 propagatione
186 2085 283 2127 notiones
299 2084 466 2141 Augustinianae
482 2081 561 2140 ubique
578 2083 774 2139 deprehendantur,
791 2083 881 2125 multum
898 2091 932 2125 ta-

16 2179 65 2208 men
80 2163 151 2213 abest,
176 2169 200 2203 ut
217 2165 312 2207 doctrina
333 2167 433 2221 Gregorii
453 2168 480 2208 de
497 2165 633 2220 corruptione
651 2164 725 2204 morali
749 2177 810 2206 mere
828 2163 932 2218 Augusti-

16 2248 79 2289 niana
97 2244 134 2295 sit,
156 2244 178 2285 id
196 2245 253 2301 quod
273 2258 301 2286 ex
320 2245 365 2300 ejus
382 2246 479 2288 doctrina
497 2247 524 2288 de
542 2245 609 2300 gratia
628 2244 706 2285 clarius
729 2244 793 2286 etiam
813 2243 932 2300 apparebit,

17 2326 140 2371 Secundum
159 2325 285 2381 scriptorem
304 2333 400 2369 nostrum
414 2327 479 2369 horno
496 2340 558 2369 sensu
575 2324 649 2366 morali
664 2337 707 2365 non
723 2330 824 2367 mortuos
839 2331 881 2377 est,
902 2325 933 2366 ita

17 2416 41 2451 ut
55 2406 108 2449 nihil
125 2405 164 2448 nisi
180 2421 270 2462 peecare
285 2408 363 2464 possit,
390 2408 427 2450 sed
447 2408 483 2450 ille
500 2407 612 2450 hominem,
629 2404 668 2447 sibi
686 2412 710 2448 ut
727 2411 846 2462 aegrotum
862 2404 936 2461 tinge-

17 2490 65 2542 bat,
85 2489 119 2531 eui
135 2488 240 2529 medicina
260 2489 341 2542 gratiae
362 2489 447 2530 divinae
464 2490 585 2532 adhibenda
603 2493 645 2540 est,
664 2494 685 2530 et
704 2492 814 2543 peecatum
831 2487 938 2542 originale

18 2570 37 2611 ei
63 2575 109 2611 erat
130 2566 249 2622 infirmitas
274 2574 362 2609 naturae
387 2567 500 2610 humanae.
539 2569 586 2611 Hac
610 2570 691 2611 ratione
712 2567 815 2623 Gregorii
838 2567 939 2609 doctrina

19 2656 65 2691 erat
76 2649 251 2705 Semipelagisna‚
268 2655 289 2689 rt
307 2648 333 2688 ab
348 2647 500 2703 Augustiniana
515 2650 607 2691 multum
625 2649 754 2701 discedebat,
772 2649 870 2706 quamvis
881 2649 940 2691 Gre-

20 2730 92 2785 gorius
110 2730 155 2785 ipse
171 2730 233 2783 hujus
252 2729 406 2783 discrepantiae
421 2742 464 2770 nou
480 2731 567 2772 omnino
584 2730 680 2772 conscius
698 2736 760 2773 esset.

598 2811 646 2852 La
