1999 2998
423 46 551 112 A

23 168 114 214 crearit.
152 168 224 223 Quem
241 165 341 207 nimirum
354 161 433 219 ¹locum
456 168 509 205 tunc
526 162 594 204 homo
614 161 720 218 deseruit3
748 154 814 220 quum
831 149 952 214 seductori,

22 250 92 295 verbe
109 249 206 298 audieus,
227 258 240 285 a
259 242 373 285 conditoris
395 255 471 286 amore
488 242 624 289 discessit‘i¹
638 241 695 287 v111.
716 243 806 289 54:55.
841 247 895 299 „Ad'
910 251 952 294 110,

22 334 93 377 ,homo
107 328 203 372 conditus
220 320 268 377 suit,
285 329 309 366 ut
326 324 420 378 bonum,
440 324 502 382 quod
518 323 583 367 Dens
598 310 745 376 estundere
754 326 882 383 potuisset:
912 332 952 373 „d

25 414 62 472 qui
78 418 141 459 sture
157 406 191 451 ad
204 406 277 448 iucem
291 406 375 461 noluit,
403 404 510 462 fugiendo
526 405 600 448 oeulos
620 404 701 449 amisit:
720 407 774 463 2quia
788 422 831 464 quo
845 401 886 464 per
902 409 952 457 cul-¹

25 506 75 552 pam
91 488 162 547 coepit
175 488 203 529 ed
213 488 263 538 ¹ima
279 487 402 543 decurrere,
418 502 445 531 eo
462 487 589 530 coecitatem
603 488 699 544 pertulit,
717 502 745 531 ne
762 488 955 543 intimumtnnen

22 575 114 621 videret.
131 593 159 605 -
176 568 206 611 Et
222 567 341 613 humanum
359 584 427 627 genus
448 585 461 612 a
480 568 573 626 paradisi
588 568 672 624 gaudiis
688 570 812 627 expulsum,
837 572 951 614 cimrcon-

23 653 177 712 temptationis
190 649 297 707 perdidit,
320 651 388 695 robur
403 651 504 694 conditae
520 647 653 693 fortitudinis
669 652 792 702 emisit*-
812 651 951 710 Aquilaalto

22 736 85 782 valde
103 734 175 779 volatu
190 733 334 789 suspenditur,
348 741 370 779 et
381 733 458 777 adnisu
476 731 573 790 praepeti
587 732 619 774 ed·
631 732 720 776 aethera
736 732 838 790 libretur,
854 734 893 776 sed
910 746 950 791 per

22 818 144 875 appetitum
159 815 241 868 uentris
258 822 327 858 terras
343 815 436 872 expetit,
460 827 551 872 seseque
563 828 580 857 -a
596 813 725 858 sublimibus
745 822 834 873 repente
848 816 949 868 deorsum

22 898 118 945 tundit..
130 898 182 949 eie„
196 896 318 947 humanum,
335 911 402 955 genus
423 898 446 940 in
465 901 556 955 parente
576 895 647 952 prirno
660 897 695 945 ³11
714 896 757 938 ima
775 897 802 938 de
822 882 950 938 sublimibus

23 979 112 1032 corruit,
128 979 187 1035 quod
204 978 305 1021 nimirum
321 980 456 1023 conditionis
471 990 529 1021 sune
546 977 649 1034 dignitas
665 977 688 1019 in
704 977 799 1018 rationis
814 976 950 1019 celsitudine

25 1059 86 1116 quasi
97 1058 119 1100 in
134 1058 189 1115 ueris
204 1057 307 1113 ,libertate
320 1061 472 1117 suspenderat,
492 1057 531 1100 sed
548 1057 597 1114 quia
616 1062 691 1100 centra
708 1063 858 1114 praeceptum,
875 1056 949 1121 cibum

26 1140 118 1185 vetitum
133 1141 231 1198 contigit,
252 1156 291 1198 per
307 1142 386 1188 ventris
400 1139 598 1196 concupiscentiam
617 1138 645 1180 ad
661 1145 730 1182 terrae
747 1139 818 1196 venit3
850 1145 875 1181 et,
888 1137 950 1194 quusi

24 1229 77 1279 post
90 1222 186 1267 volatum
200 1221 299 1265 carnibus
314 1224 417 1279 pascitur,
434 1223 485 1279 quia
502 1220 538 1263 illa
552 1220 627 1263 libera
643 1221 835 1278 contemplationis
848 1220 951 1277 inspiro-

23 1302 81 1345 culu
102 1303 211 1358 perdidit,
244 1310 266 1345 et
284 1304 387 1360 deorsum
408 1303 519 1359 corporeis
538 1300 685 1357 voluptatibus
707 1301 820 1345 laetaturr‘
853 1284 950 1347 liuto·

24 1381 107 1436 „Duris
121 1382 180 1423 taciti
197 1383 355 1438 quaestionibus
368 1396 479 1439 urgemur,
497 1396 537 1425 eur
549 1382 685 1438 omnipotens
698 1383 759 1425 Deus
772 1383 866 1426 condidit
884 1396 950 1439 quern

24 1464 148 1520 periturum
163 1476 209 1506 esse
223 1453 352 1520 praescivit?
379 1477 418 1506 cur
434 1463 464 1517 is,
493 1463 531 1520 qui
546 1475 630 1505 summe
648 1470 725 1520 potens
741 1470 763 1507 et
779 1475 862 1506 summe
880 1461 951 1502 bonus

27 1549 73 1596 est,
87 1556 225 1599 nequaquam
242 1546 309 1589 uoluit
329 1545 441 1587 homiuem
461 1544 528 1587 telem
544 1543 628 1599 iacere,
650 1545 687 1601 qui
706 1546 777 1602 perire
797 1557 840 1586 non
860 1537 951 1599 posset?

28 1623 105 1680 Quum
120 1636 174 1667 vero
189 1623 243 1666 haec
262 1624 325 1667 tacite
342 1638 402 1667 mens
418 1622 549 1682 interrogat,
573 1631 649 1682 pavet,
672 1640 700 1668 ne
718 1627 764 1682 ipso
780 1619 952 1678 interrogationis

27 1717 81 1747 ausu
97 1704 120 1746 in
136 1704 260 1760 superbiam
276 1712 386 1762 erumpat:
412 1720 487 1762 seque*
497 1706 609 1756 humiliter
626 1708 758 1763 comprimit,
775 1712 796 1748 et
812 1703 952 1760 cogitationes

26 1784 144 1840 restringit.
169 1785 213 1828 Sed
229 1800 255 1828 eo
269 1787 354 1843 gravius
369 1786 478 1844 affligitur,
496 1801 539 1843 quo
557 1786 614 1830 iuter
631 1788 688 1830 mala
704 1801 759 1845 quae
772 1787 873 1839 sustinet,
885 1786 952 1827 etiam

26 1866 55 1910 de
70 1866 205 1909 conditionis
220 1881 278 1910 suae
297 1868 427 1911 abscondito
443 1869 561 1912 intellectu
577 1869 693 1911 cruciatur.
710 1883 740 1901 ·-
760 1868 823 1912 Mens
839 1866 901 1909 vaide
917 1861 951 1906 af·=

27 1946 118 2004 digitur,
133 1947 235 2003 quoniam
251 1948 333 2003 primae
350 1949 425 2006 culpae
442 1949 521 1991 merito
537 1948 564 1992 ad
578 1950 731 2008 intelligenda
746 1963 774 1992 ea
789 1960 847 2010 queo
864 1946 953 2002 deipnos

27 2034 82 2073 sunt
100 2028 225 2070 caecatur.“
252 2029 288 2070 51.
312 2028 351 2072 An
373 2043 499 2087 supernam
518 2030 591 2073 lucem
612 2030 744 2074 intuendam
764 2029 830 2089 homo
854 2028 953 2070 conditus

28 2109 125 2155 tuerat.“
152 2109 177 2152 lu
193 2109 289 2166 Evangg.
307 2110 365 2153 hom
379 2111 461 2154 ΧΧΧΙ,
481 2109 500 2168 5.
519 2125 540 2167 7.

93 2190 243 2247 Quamobrem
259 2191 384 2248 Gregorius,
399 2195 477 2236 eodem
493 2190 631 2247 ieremodo,
650 2207 693 2250 quo
706 2189 844 2248 Augustinus,
862 2190 954 2234 delicia-

28 2284 85 2327 rum,
101 2273 196 2316 manime
213 2272 347 2329 spiritalium,
363 2275 441 2331 quibus
454 2274 551 2321 Adamus
569 2276 591 2318 in
607 2275 706 2332 paradiso
722 2271 841 2328 fruebatur,
859 2273 955 2316 mentio·
976 2266 979 2271 ’

31 2365 79 2399 uem
98 2352 158 2398 facit.
191 2354 275 2408 „Has“'
285 2353 407 2412 (spiritales)
422 2356 504 2408 „homo
522 2356 617 2399 delicias
633 2362 685 2397 tuno
701 2355 777 2409 amisit,
795 2369 859 2412 quum
873 2355 896 2397 in
913 2365 956 2409 pfl-

35 2435 103 2478 radiso
118 2437 228 2493 peccarit,
258 2443 319 2479 extra
334 2436 396 2489 exiit,
413 2449 480 2491 quum
503 2450 526 2480 os
543 2450 556 2482 a
572 2437 620 2483 cibo
640 2445 741 2481 aeternae
759 2436 877 2482 dulcedinis
894 2432 957 2474 oleu-

37 2512 84 2554 sit.“
115 2517 139 2559 In
159 2518 255 2575 Evangg·
272 2517 332 2562 hom·
349 2517 450 2561 XXXVI.
475 2515 493 2576 i
512 2532 531 2561 r.
574 2516 720 2564 Conseruntur
741 2533 796 2576 quae
815 2518 841 2559 de
862 2512 956 2571 peradisi

38 2592 171 2640 beatitudine
186 2606 208 2643 et
219 2601 301 2644 deliciis
317 2598 447 2656 Augustinus
461 2600 484 2642 in
499 2600 575 2658 Opere
588 2597 676 2658 imperi.
696 2601 711 2643 Ι.
727 2599 815 2654 71.V1.
833 2609 853 2653 9.
870 2609 903 2651 17.
920 2595 956 2637 25.

36 2674 140 2733 disputet⁹
