1999 2998
496 63 540 112 ron
579 121 581 126 k

449 114 576 124 amm-*-

53 173 447 233 Dominus*aedificaveritjdomum,
469 177 492 219 in
515 177 714 222 vanum‘laborant
732 178 769 237 qui
787 179 905 226 aedificant
924 191 987 241 eam)

54 259 114 303 Hinc
129 258 227 301 Salomon
239 258 307 301 dicit:
328 258 446 301 Considera
465 272 532 315 opero
546 260 611 312 Dei,
625 260 685 317 quod
702 275 767 304 nemo
785 262 853 318 possit
871 264 985 318 corrigere:

55 355 118 396 quem
134 338 170 379 ille
187 339 315 407 despexerit.
348 341 394 385 Nec
406 341 490 404 'mirum
504 339 523 382 si
542 340 637 383 acarde
652 342 746 399 reprobo
760 343 896 399 praedicator
912 344 986 389 mini-2

53 433 89 465 me
106 421 202 471 auditur,
225 421 276 462 dum
296 435 459 479 nonnumquam
478 422 631 479 ipseslqudque
647 423 754 466 Dominus
772 425 795 466 in
808 423 850 464 liis
868 436 930 479 qnae
943 424 979 465 lo-

53 500 139 557 quitur',
158 502 302 552 resistentium
318 504 414 546 moribus
428 503 585 559 impugnaturi·
597 503 665 547 -Hinc
683 511 715 547 est
735 505 793 547 enirn
812 506 870 561 quod
885 505 938 547 Gaio
957 510 984 550 et

54 583 320 627 divinavoce·aa1aoneri
338 586 419 642 potuit,
436 585 554 627 ct‘mutari
570 599 613 629 non
634 586 713 641 potuit:
735 586 785 641 quia
802 586 901 640 exigente
915 584 979 642 culpa

53 665 159 719 malitiae,
174 663 217 719 jam
231 665 288 707 intus
303 667 363 709 Deus
380 680 416 708 cor
431 661 561 723 reliquerat,
582 666 617 708 cui
632 664 685 707 foris
705 665 733 707 ad
748 666 894 709 testimonium
911 667 979 709 verbe

53 744 170 789 faciebant<
201 746 257 788 Mor.
274 748 311 800 Xl.
328 761 362 789 12.
395 749 433 802 „si
448 749 516 790 sancti
532 748 625 804 Spiritus
638 746 712 802 ,gratia
731 745 758 788 ab
782 746 887 788 audientis
906 754 979 788 mente

52 827 197 881 subtrahitur,
212 829 287 871 arescit
302 830 398 885 protinus
412 829 607 884 intellectus,=;qui
616 826 673 884 «jann
683 840 723 883 per
737 841 798 884 spem
814 828 943 871 viridescere
957 827 979 871 in

54 913 156 952 audiente
170 909 307 952 riochatus«
324 913 360 961 15,
376 911 415 964 „Si
428 908 791 965 ‘sancti:Spiritusgretia‘superno
807 921 898 948 munere
908 905 979 961 juxta

53 1005 128 1035 vocem
142 990 285 1046 praedicentis
301 973 430 1044 infunditur,
447 991 518 1033 statim
534 986 765 1043 terraxsubtrehiturd‘
781 981 909 1044 (secundum
924 988 979 1032 illud

54 1072 109 1115 Jobi
119 1084 154 1124 as,
173 1072 207 1113 15.
223 1069 240 1110 si
256 1070 351 1114 emiserit
359 1086 401 1114 :eas
415 1068 510 1131 (aquas),
526 1070 653 1126 subvertent
661 1068 758 1122 terram)
774 1068 840 1124 „quia
854 1067 979 1124 peccatricis

55 1153 134 1196 mentis
150 1151 227 1194 duritia
243 1150 269 1192 ab
287 1152 441 1205 immobilitatis
457 1168 509 1196 suae
522 1150 672 1194 vobstinatione
687 1155 835 1206 permutatur,
846 1156 875 1191 ut
890 1150 978 1193 tandem

54 1237 78 1279 se
94 1234 229 1291 postmodum
245 1236 365 1291 praeceptis
374 1235 495 1279 Dominicis
508 1233 586 1275 llcndo
597 1230 819 1287 subjiciat‚zquantom
834 1229 982 1289 superbiendo

52 1315 114 1372 prius
132 1318 206 1355 contra
223 1312 469 1368 Dominumsscerviccm
483 1312 687 1369 cordissserigebatfl
709 1313 745 1370 253
772 1311 895 1364 „Extericri
911 1319 982 1368 prae-i

53 1394 154 1438 dicationi
166 1394 285 1436 a'ntnrnam:
296 1394 448 1451 aspirationem
462 1392 591 1453 (Dominus).
606 1391 708 1445 contulit,
725 1397 756 1433 'ut
775 1375 843 1434 corda
855 1392 981 1434 Gentilium.

53 1477 136 1519 arentia
151 1475 293 1526 virescerent,
307 1474 380 1518 clausa
398 1482 543 1533 patescerent:
559 1474 646 1516 inania
665 1472 837 1530 complerentur,
861 1470 981 1529 infecundas

54 1554 222 1613 germinarent}
248 1553 331 1596 XXIX.
348 1557 385 1597 51.
417 1556 648 1610 „Quummiscricors
670 1556 733 1599 Deus
750 1553 870 1594 imbrisuc
879 1566 977 1604 cursum,

54 1646 80 1681 et
94 1635 179 1679 sonanti
195 1633 283 1676 tonitrui
299 1634 365 1678 vitam
382 1636 435 1677 dare
453 1637 565 1690 dignetur,
588 1635 715 1690 compuncti
730 1648 776 1691 per
791 1635 904 1676 internum
918 1641 977 1691 gru-

52 1720 109 1762 ttam
126 1714 284 1776 vendicatae
307 1726 378 1755 aures
401 1713 612 1770 condisaopertnat.
650 1712 809 1769 Etimpletur'
824 1719 888 1768 *terra
909 1715 977 1770 invia,

52 1798 105 1856 quio
119 1796 171 1838 (lum
183 1792 272 1857 praebet
282 1794 379 1836 auditum
395 1792 469 1847 verbo,
480 1792 610 1835 ,cumuletur
624 1791 733 1847 mysterio.
757 1793 804 1845 Et:
811 1795 911 1851 producit
924 1796 978 1837 her-

52 1876 91 1930 laas
102 1878 204 1925 virentes:
220 1875 271 1931 quie
286 1881 326 1932 per
344 1874 436 1932 gratiam
453 1873 622 1932 compunctionis
635 1871 715 1927 infuse,
733 1875 898 1930 praedicationis
912 1875 978 1918 verba

53 1971 98 2002 non
115 1953 296 1997 solumlibenter
310 1955 399 2009 recipit,
418 1955 457 1996 sed
479 1956 543 1998 etiem
561 1955 656 1998 ubertim
673 1955 775 2009 redditp,
790 1960 814 1995 nt
830 1956 888 2011 quod
902 1956 977 1999 audire

52 2052 97 2082 non
114 2041 206 2093 poterat,
216 2036 271 2090 ajam,
283 2033 342 2090 loqui
356 2035 502 2091 concupiscat:
522 2041 544 2078 et
564 2048 620 2091 quae
636 2038 680 2077 non
695 2034 802 2077 audiendo
819 2036 883 2078 etiam
898 2037 977 2080 intrin-

52 2133 115 2164 secus
133 2123 234 2169 aruerat,
260 2115 304 2171 jam
319 2096 429 2171 loquendo
444 2129 499 2171 quae
512 2120 663 2168 sentiscunt,
673 2138 681 2170 g
695 2116 802 2159 viriditate
814 2130 852 2158 sua
871 2118 977 2174 quoslibet

52 2200 173 2245 esurientes
191 2202 268 2254 poscat.
284 2195 363 2239 ·Unde.
383 2195 439 2237 bene
456 2202 495 2251 per
511 2195 643 2251 Prophetam
662 2196 754 2238 dicitur}
777 2197 857 2240 Emitte
871 2200 976 2255 spiritum

51 2291 114 2326 tuum
131 2286 153 2321 et
169 2276 305 2329 creabuntur,
323 2282 345 2317 et
361 2275 570 2321 renovabisfaciem
586 2284 665 2319 terrae.
697 2279 731 2320 Sic
749 2279 806 2319 enim
823 2278 889 2322 facies
905 2289 976 2324 terrae

50 2361 131 2406 virtute
145 2359 288 2400 renovationis
301 2358 438 2407 immutatur,
458 2357 509 2397 dnm
527 2357 584 2398 sicca
598 2357 679 2398 dudum
695 2371 766 2411 mens,
785 2359 853 2414 gratia
869 2361 977 2412 veniente*

51 2440 189 2497 compluitur,
206 2444 228 2480 et
243 2442 291 2493 post
307 2435 427 2479 ariditatem
445 2437 558 2492 pristinam
569 2438 636 2493 quasi
642 2439 752 2495 productis
767 2439 839 2482 herbis
845 2466 856 2493 ‚2
868 2441 976 2483 scientiae

52 2524 159 2570 viriditate
171 2520 282 2563 vestiturf‘,
298 2518 334 2560 55.
351 2517 507 2573 „Nequaquam
523 2518 563 2560 sibi
578 2518 676 2561 doctores
691 2520 793 2574 tribuant,
808 2521 866 2576 quod
882 2533 921 2576 per
935 2534 975 2563 ex—

54 2601 196 2646 hortationem
213 2614 272 2643 suam
286 2600 312 2641 ad
331 2613 415 2641 summa
429 2598 534 2656 proficere
547 2600 659 2659 auditores
675 2601 758 2642 vident:
778 2602 828 2656 quie
844 2602 887 2643 nisi
901 2601 975 2660 Spiri-

54 2682 93 2727 tus
110 2687 202 2724 sanctus
220 2697 296 2726 eornm
315 2683 387 2727 eorda
403 2681 506 2739 replent,
531 2681 558 2723 ad
576 2693 639 2723 aures
660 2693 774 2737 corporum
793 2694 835 2727 vox
851 2681 975 2726 docentium
