1999 2998
437 143 439 146 .
470 91 503 141 aa

31 222 149 265 Classcnsis
164 220 246 270 abbate,
262 207 304 267 aut,
319 214 439 258 ut'Oudino
454 215 475 256 in
493 214 652 258 commentariis
663 215 689 259 Τ.
700 215 715 260 l.
731 217 823 271 videtur,
838 233 851 260 a
862 222 953 268 Claudio

32 305 117 360 juniore
132 297 265 345 Taurincnsi.
296 296 357 339 Haec
373 296 478 339 sententia
496 296 563 339 multa
583 296 659 351 habet,
679 299 756 355 quibus
772 313 795 342 se
809 302 952 344 commendet.

33 380 159 426 Adoctrina
175 378 231 419 enim
249 376 351 434 Gregorii
367 380 482 436 aliquando
500 379 603 422 recedere
619 378 704 423 videtur
720 381 757 437 qui
774 382 952 425 commentarium

33 460 149 513 contexuit,
166 461 260 502 maxime
278 460 300 502 in
316 461 414 503 doctrina
430 461 457 503 dc
474 456 543 503 libero
560 460 659 513 arbitrio,
674 461 708 503 cui
722 460 786 503 modo
804 462 894 505 nimium
911 464 952 505 tri-

31 542 86 595 buit,
104 543 131 584 de
143 555 185 597 quo
196 542 261 583 modo
276 542 371 585 detrahit
387 543 452 599 idque
466 542 553 584 omnino
570 542 631 584 tollit.
662 542 751 586 Accedit
766 544 823 600 qnod
839 543 952 588 commen-

31 625 86 668 tario
101 623 141 664 alia
163 622 248 676 insunt,
273 638 328 679 quac
347 638 396 665 cum
415 622 515 678 Gregorii
536 622 644 664 sentiendi
663 624 746 667 ratione
769 640 811 669 non
831 627 951 670 consentire

32 706 136 750 uidentur.
169 704 303 761 Gregorinrn
322 720 340 747 e.
359 719 379 760 g.
399 705 421 746 in
435 703 554 747 Moralibus
569 703 642 746 literas
660 703 798 749 humaniores
815 709 952 754 contemsisse

31 778 134 836 vidimus,
151 786 174 826 in
189 786 232 829 hoc
247 787 399 830 commentario
415 786 478 842 longe
495 785 558 829 aliter
574 786 601 827 de
621 787 690 842 pretio
705 788 746 830 illis
764 792 877 837 statuendo
893 792 952 848 judi-

32 874 72 910 cat.
87 864 117 921 l)
150 867 214 922 Quae
234 882 302 926 quum
320 871 350 912 ite
370 868 424 922 sint,
457 863 600 924 cummagno
620 870 718 911 cantione
739 871 850 915 adeundus
869 874 952 917 csthic

30 949 203 995 commentarius.

454 1029 472 1088 a.
489 1035 525 1078 11.

95 1113 171 1171 Super
188 1115 278 1157 cantica
292 1114 432 1157 erraticorum
449 1112 572 1169 expositio,
595 1119 659 1168 quarn
675 1111 809 1155 Benedictini
825 1125 852 1154 en
870 1111 952 1155 codici-

32 1198 73 1239 bus
94 1196 243 1252 manuscriptis
263 1195 329 1236 multo
351 1191 469 1246 auctiorem
489 1193 614 1246 ediderunt,
640 1199 728 1250 propter
745 1200 809 1236 testes
826 1194 952 1250 locupletis-

31 1280 108 1330 simos,
133 1276 261 1334 praesertim
276 1276 396 1328 Paterium,
421 1270 522 1331 Gregorii
538 1275 678 1331 discipulum,
700 1275 736 1331 qui
752 1289 780 1318 ex
796 1290 821 1318 ea
836 1275 952 1319 sententias

31 1358 196 1412 excerpserunt,
228 1371 284 1412 quae
305 1370 362 1398 nunc
384 1357 406 1397 in
426 1356 461 1398 illa
485 1356 618 1411 expositione
642 1355 752 1411 leguntur,
781 1357 887 1412 Gregorio
908 1371 952 1400 non

32 1439 119 1482 omnino
133 1438 275 1494 abjudicanda
291 1445 335 1490 cst,
362 1438 460 1493 quamvis
479 1442 569 1494 propter
588 1436 660 1478 locum
680 1438 724 1494 jam
745 1438 854 1483 laudatum
872 1453 952 1482 conce-

33 1520 129 1564 dendum
145 1520 179 1572 sit,
196 1519 311 1561 Claudium
325 1520 348 1561 in
367 1532 392 1561 ea
408 1519 513 1575 quaedam
529 1523 627 1560 mutasse

55 1704 57 1708 ’
91 1701 122 1744 Iu
137 1707 222 1758 septem
236 1700 344 1744 Pserimos
355 1702 531 1758 poenitentiales
547 1702 660 1759 expositio.
697 1698 745 1743 Hic'
758 1703 951 1745 commentariusa

30 1784 187 1798 ...οι-..ᾳ

44 1823 77 1872 17)
94 1824 116 1860 111
128 1823 160 1859 lib.
174 1821 234 1870 quinti
247 1824 312 1870 capi.
324 1820 341 1872 ᾗ.
353 1823 383 1859 30.
397 1823 427 1871 51.
438 1821 483 1858 hacc
496 1820 579 1869 legimus.
604 1820 645 1866 „Ad
662 1821 698 1858 lroc
712 1819 798 1856 liberales
817 1827 864 1857 artes
877 1822 952 1858 discen-

98 1894 132 1929 dae
145 1898 197 1937 sunt,
221 1898 243 1928 nt
261 1904 294 1940 per
312 1893 454 1928 instructionem
471 1893 545 1928 illarum
559 1892 619 1929 divina
638 1892 710 1939 eloquia
722 1891 808 1927 subtilius
820 1891 952 1940 intelliguntur.

96 1966 115 2001 A
126 1962 260 2000 nonnullorum
274 1962 359 1998 cordibus
370 1962 452 1997 discendi
464 1962 575 1998 desiderium
588 1959 679 2013 rtzuiigai
693 1959 779 2012 spiritus
791 1958 876 2007 tollerat,
897 1969 919 2001 ul
932 1970 952 2002 ei

97 2030 203 2072 secraiariu
213 2030 320 2076 nesciant,
347 2036 367 2068 et
385 2030 413 2068 cui
429 2029 579 2069 sublimitatem
594 2029 723 2084 spiritalium
739 2043 779 2067 non
788 2031 916 2084 pertingant.
927 2056 952 2065 -·

96 2107 202 2142 Daemones
215 2103 281 2147 sciunt,
295 2102 337 2149 qnia
349 2103 393 2139 dmn
406 2104 518 2141 secularibus
532 2103 591 2140 literis
603 2103 716 2148 instruimur,
728 2102 748 2137 in
762 2103 885 2149 spiritualibus
898 2105 952 2154 adju-

96 2187 167 2214 vamur.
191 2175 276 2221 Moyses,
301 2173 332 2220 qui
346 2174 516 2213 nobisdivinorum
530 2175 645 2222 eloquiorum
658 2172 747 2221 principia
760 2172 826 2219 edidit,
849 2187 886 2212 non
900 2177 951 2225 prins

97 2247 159 2285 diuina
172 2244 242 2290 didicit,
253 2244 286 2280 sed
299 2250 319 2280 ut
332 2257 402 2292 capere,
414 2245 443 2283 uel
457 2246 560 2294 exprimere
569 2245 632 2295 ,diuina
644 2251 711 2292 posset,
724 2243 745 2278 in
758 2244 808 2279 omni
820 2245 952 2295 Aegyptiorum

95 2318 176 2355 scientia
185 2315 251 2351 rudem
263 2315 345 2350 uninnnn
357 2315 468 2351 informavit.
493 2317 547 2352 Isaiae
564 2316 618 2350 etium
631 2314 725 2361 prophetia
738 2313 778 2349 aliis
790 2315 905 2363 eloquentior
919 2332 952 2355 ex-

96 2389 140 2434 titit,
153 2387 196 2434 quio
208 2397 249 2431 nec,
263 2389 282 2420 ut
294 2383 381 2420 ieremias
393 2384 515 2430 Anathotites,
528 2397 567 2430 nec,
580 2390 601 2420 ut
611 2385 668 2421 Arsaos
681 2385 805 2431 aruncntarius,
819 2386 851 2421 sed
864 2387 952 2424 nobiliter

96 2459 196 2496 instructus
209 2461 265 2504 atque
277 2456 356 2491 urbanus
370 2453 409 2490 fnit.
434 2455 501 2492 l'anlus
514 2468 586 2504 quoque
600 2468 630 2493 raa
644 2455 738 2492 electionis
755 2462 797 2493 arrtc
809 2456 832 2492 ud
846 2456 952 2493 Gamalielis

100 2528 154 2573 pedes
164 2528 273 2572 instruitur,
301 2539 356 2575 quarn
368 2527 449 2575 rapiatur
465 2527 484 2563 in
497 2525 610 2576 paradisum,
633 2526 662 2564 vcl
674 2528 697 2564 ad
710 2527 757 2564 coeli
772 2526 823 2563 tertii
836 2526 952 2564 altitudinem

103 2597 209 2635 sublevetur.
234 2601 259 2637 Et
273 2599 315 2635 idco
327 2598 404 2635 fortasse
417 2610 450 2646 pcr
463 2598 564 2636 doctrinam
577 2599 618 2635 aliis
633 2598 727 2646 Apostolis
741 2597 825 2639 excellit5
848 2598 889 2644 quia
901 2598 952 2636 futu-

103 2665 165 2700 rasin
179 2669 288 2715 caelestibus,
302 2676 375 2706 terrena
387 2670 438 2718 prius
451 2670 542 2708 studiosus
556 2670 626 2707 didicit.
637 2688 660 2696 —
680 2664 741 2705 Sacri
753 2663 829 2718 eloquii
837 2666 952 2723 profundi-

102 2737 168 2772 tatem
178 2742 285 2785 peneuore
298 2738 369 2791 ignari
380 2737 480 2779 secularis
492 2739 592 2780 scientiae
605 2752 644 2780 uon
656 2736 768 2780 calamiae
