1999 2998
470 61 502 106 ot

23 172 153 235 Requiesoet
165 194 231 238 super
246 193 296 223 eum
311 179 400 238 spiritua
414 182 532 239 supientiae
548 188 570 226 et
583 174 712 235 intellectus,
727 178 815 238 spiritus
832 183 913 225 consilii
926 192 948 229 et

22 256 160 315 fortitudinia,
174 264 264 324 spiritus¹
277 262 380 306 scientiae
398 270 420 307 et
434 263 530 320 pietatis,
550 268 573 306 et
588 262 682 320 replebit
697 259 748 305 eunt
764 262 853 319 spiritus
868 263 950 307 timoris

21 341 115 386 Domini.
146 344 207 399 Quos
225 344 312 400 gradus,
328 344 356 386 de
374 344 501 388 caelestibus
516 328 614 400 loquens,
632 345 784 387 descendendo
798 345 867 401 magis
884 357 950 400 quam

22 425 157 466 ascendendo
172 426 304 467 numeravit:
320 425 421 469 videlieet
435 426 580 482 sapientiam,
594 425 738 478 intellectum,
754 427 882 479 eonsilium,
890 425 950 482 for·

21 505 147 558 titudinem,
163 506 290 556 seientiam,
301 505 420 561 pietatem,
435 505 560 548 timorem.“
576 503 758 562 Lib.11.'t10m.7.
772 509 794 550 iu
803 507 885 550 Erech.
899 505 918 565 b
926 521 948 562 7.

92 587 113 628 lr.
128 585 208 629 Divina
221 584 290 640 gratia
304 585 347 627 vim
363 585 430 628 habet
444 594 466 628 et
479 586 506 627 ad
523 585 656 627 intellectum
674 594 695 630 et
711 588 738 630 ad
754 588 887 633 voluntatem
902 588 946 630 lto-

21 666 91 709 minis.
124 664 221 709 Verbum
235 665 331 709 (livinum
346 672 379 708 est
393 666 554 718 adminiculum,
571 680 614 721 quo
624 668 697 720 'gratia
707 669 749 710 vim
761 683 821 712 suam
838 668 946 711 adhibere

21 747 84 799 solet,
96 746 134 789 sed
149 747 169 788 ei
184 735 228 789 non
245 748 403 798 adstrictoest,
413 746 458 787 ¹sed
474 747 539 789 etiam
557 746 603 787 sina
620 746 658 786 illo
677 747 805 791 adminiculo
822 752 870 794 vim'
880 764 943 793 suam

22 839 122 868 exserere
140 831 216 880 potest.
248 825 341 868 Interior
357 831 430 866 autem
447 831 523 866 natura
534 826 738 881 -gratiaeexplicari
752 844 794 872 non
809 838 887 886 potest.

50 891 54 894 .
85 905 197 961 „Superna
215 906 292 960 gratia
304 898 414 947 carnalem
434 897 585 959 'cogitationem
605 912 699 953 nostram
716 923 762 965 per
782 911 943 955 admixtionem

21 999 79 1029 eune
93 987 286 1043 contemplationis
302 985 417 1036 irradiat,
437 989 459 1025 et
477 983 637 1042 ub‘originuii
654 984 766 1033 oueoitute
783 991 892 1035 honzinent
909 994 943 1035 aa

21 1059 157 1110 intellectum
175 1051 312 1123 reformotf‘
342 1064 399 1107 Mor.
419 1062 531 1120 viltro
565 1065 599 1110 Aa
616 1067 664 1110 Jobi
686 1083 780 1123 10,1o.
817 1072 942 1123 Memento,

21 1161 118 1205 quaeso,
150 1149 211 1204 quod
227 1150 287 1192 siout
302 1149 376 1190 ‘lutum
389 1145 482 1203 seueris
497 1160 541 1197 me,
559 1146 677 1202 Gregorius
694 1150 748 1193 haee
764 1150 837 1194 affert:
869 1152 943 1204 „Sicut

19 1229 89 1273 lutum
103 1226 168 1271 honio
184 1236 257 1271 noster
273 1223 363 1272 interior
380 1224 468 1269 existitz‘
481 1238 485 1259 2
495 1216 546 1284 auia
561 1221 636 1269 sanati
648 1230 736 1284 spiritus
754 1232 823 1286 gratia
844 1239 943 1275 terrenae

20 1312 89 1354 menti
103 1308 236 1363 infunditur,
253 1315 287 1352 'ut
304 1308 332 1353 ad
352 1304 491 1350 intellectum
509 1307 543 1348 sui
560 1307 677 1351 conditoris
699 1310 799 1366 erigatur.
832 1313 942 1356 Humana

20 1404 113 1448 namque
132 1392 253 1448 cogitatio,
275 1386 334 1447 quoe
347 1389 442 1446 peceati
459 1386 501 1430 sui
511 1389 633 1430 sterilitate
648 1391 722 1442 uruit,
741 1391 848 1448 pervim
865 1395 940 1436 suncti

20 1473 122 1529 spiritus,
140 1472 206 1527 quusi
222 1471 325 1528 irrigata
342 1475 408 1512 tarra
423 1469 546 1512 viridescit.
578 1469 622 1512 Sed
635 1484 699 1527 saepe
714 1471 887 1529 dum-perceptis
900 1487 940 1515 su-

19 1553 82 1611 perni
102 1552 152 1595 doni
170 1551 285 1595 virtutibus
300 1552 347 1594 sine
368 1550 525 1606 interruptione
541 1545 634 1603 utimur,
664 1552 692 1593 ad
708 1551 819 1607 privatam
831 1552 940 1607 fiduciam,

19 1649 59 1677 usu
75 1634 190 1676 continuae
205 1632 353 1690 prosperitatis
369 1631 486 1674 elevamur.
517 1630 582 1672 Unde
597 1629 771 1687 triplarumque,
787 1639 811 1675 ut
818 1633 889 1685 isdem
903 1636 941 1690 qui

19 1713 178 1765 sublevaverat,
197 1705 316 1768 parumper
333 1706 430 1768 spiritus
441 1712 538 1773 deserat,
549 1705 667 1766 ‘'quatenos
683 1710 752 1767 ipsum
770 1713 810 1753 eibi
829 1714 940 1756 hominem

20 1796 123 1839 ostendat.
155 1793 220 1846 Quod
235 1787 328 1835 sauctus
343 1793 376 1835 vir
393 1792 490 1847 protinus
511 1790 622 1851 exprimit,
642 1805 708 1847 quum
725 1791 843 1848 subjungit:
873 1794 938 1837 Et'in

20 1877 129 1935 pulverem
145 1875 235 1922 reduces
250 1888 292 1915 me.
328 1873 385 1929 Quia
399 1872 456 1915 enim
474 1887 513 1929 per
530 1872 696 1916 subtractionem
711 1869 809 1929 Spiritus,
822 1875 938 1925 meustali-

19 1957 147 2015 quantulum
162 1956 183 1997 iu
197 1956 320 1999 tentatione
331 1956 445 2007 deseritur,
461 1953 522 2010 quasi
538 1952 566 1995 ab
581 1953 779 2011 humore'pristino
795 1961 853 1997 terra
869 1955 939 2000 sicana

18 2046 63 2083 tur:
78 2046 103 2080 ut
118 2036 266 2080 infirmitatem
279 2050 339 2079 suam
355 2035 619 2088 derelictus'sentiet,.et·
632 2036 680 2078 aine
696 2036 810 2091 infusione
823 2051 936 2093 supernae

17 2119 120 2177 gratioe,
139 2123 247 2173 quantum
262 2118 331 2189 borno
345 2119 416 2170 uruit,
435 2123 555 2173 cognoscat.
571 2130 611 2148 -’
627 2117 671 2159 Sed
687 2116 739 2159 dum
754 2117 823 2159 relicti
840 2117 937 2161 concuti-

17 2212 78 2252 mur,
102 2211 198 2254 eaquae
218 2198 300 2254 afflati
322 2200 471 2252 cognovimus,
501 2196 599 2239 subtilius
619 2197 661 2251 jam
685 2197 746 2239 dono
766 2198 888 2253 cogitamus.
906 2220 937 2231 --

18 2280 87 2323 Mens
103 2284 182 2321 nostra
195 2293 241 2336 per
261 2279 336 2321 annoti
352 2277 453 2334 Spiritus
470 2277 574 2333 gratiam
595 2276 622 2318 ab
643 2291 683 2318 usu
706 2283 800 2319 vetustae
820 2291 937 2323 conversa-2

18 2361 82 2406 tionis
99 2359 236 2402 abstrahitur,
253 2382 283 2392 -
306 2360 444 2403 Tendentem
464 2351 490 2399 atl
506 2357 608 2413 justitiam
625 2372 760 2415 nequaquam
780 2360 937 2404 intentatione

19 2442 116 2486 eonditor
130 2442 219 2494 deserit,
249 2441 285 2496 qui
300 2453 340 2496 per
354 2437 482 2481 infusionem
497 2432 578 2494 gratiae
593 2439 657 2481 etiam
672 2448 796 2497 peccantem
814 2443 938 2498 praevenit,

18 2526 57 2568 sed
72 2523 202 2565 sublevatam
218 2528 313 2564 mentem
331 2527 353 2562 et
373 2521 399 2562 ad
416 2519 472 2561 bella
491 2511 585 2561 exterius
600 2520 668 2573 laxat,
683 2526 705 2563 et
723 2522 812 2564 interius
827 2522 938 2566 roborat-‘⁶

18 2606 56 2651 lX.
71 2609 107 2649 80.
123 2605 161 2659 „ln
175 2604 208 2646 his
224 2602 323 2646 erunibus
340 2603 386 2658 ipse
402 2592 440 2643 nos
455 2592 562 2653 instruat,
574 2602 610 2657 qui
627 2607 715 2657 propter
733 2616 772 2645 nos
786 2602 939 2647 humefactus

19 2693 58 2731 est·
88 2688 149 2747 Quid
167 2687 265 2744 dimotus
282 2691 315 2730 est
328 2682 374 2727 fieri
385 2683 443 2741 quad
458 2680 516 2739 iecit,
533 2683 579 2741 ipse
595 2689 616 2727 et
630 2682 748 2729 infirmitati
763 2698 836 2743 meae,
853 2696 875 2733 et
888 2694 937 2731 tuae
