<?xml version="1.0" encoding="UTF-8"?>
<!DOCTYPE html PUBLIC "-//W3C//DTD XHTML 1.0 Transitional//EN"
    "http://www.w3.org/TR/xhtml1/DTD/xhtml1-transitional.dtd">
<html xmlns="http://www.w3.org/1999/xhtml" xml:lang="en" lang="en">
 <head>
  <title>
</title>
<meta http-equiv="Content-Type" content="text/html;charset=utf-8" />
  <meta name='ocr-system' content='tesseract 3.04.00' />
  <meta name='ocr-capabilities' content='ocr_page ocr_carea ocr_par ocr_line ocrx_word'/>
</head>
<body>
  <div class='ocr_page' id='page_1' title='image "MN41459ucmf_8_0113.png"; bbox 0 0 1999 2998; ppageno 0'>
   <div class='ocr_carea' id='block_1_1' title="bbox 462 95 493 139">
    <p class='ocr_par' dir='ltr' id='par_1_1' title="bbox 462 95 493 139">
     <span class='ocr_line' id='line_1_1' title="bbox 462 95 493 139; baseline 0.129 -4"><span class='ocrx_word' id='word_1_1' title='bbox 462 95 493 139; x_wconf 78' lang='lat'><strong>03</strong></span> 
     </span>
    </p>
   </div>
   <div class='ocr_carea' id='block_1_2' title="bbox 15 207 941 515">
    <p class='ocr_par' dir='ltr' id='par_1_2' title="bbox 15 207 941 515">
     <span class='ocr_line' id='line_1_2' title="bbox 17 207 939 275; baseline 0.002 -20"><span class='ocrx_word' id='word_1_2' title='bbox 17 211 45 255; x_wconf 90' lang='lat' dir='ltr'><strong>in</strong></span> <span class='ocrx_word' id='word_1_3' title='bbox 55 208 115 256; x_wconf 83' lang='lat' dir='ltr'><strong>vobis</strong></span> <span class='ocrx_word' id='word_1_4' title='bbox 124 207 145 257; x_wconf 85' lang='lat' dir='ltr'><strong>el</strong></span> <span class='ocrx_word' id='word_1_5' title='bbox 153 210 207 259; x_wconf 78' lang='lat' dir='ltr'><strong>velle</strong></span> <span class='ocrx_word' id='word_1_6' title='bbox 221 218 244 259; x_wconf 87' lang='lat' dir='ltr'><strong>et</strong></span> <span class='ocrx_word' id='word_1_7' title='bbox 259 210 363 275; x_wconf 81' lang='lat' dir='ltr'><strong>perlicere</strong></span> <span class='ocrx_word' id='word_1_8' title='bbox 376 226 416 273; x_wconf 91' lang='lat' dir='ltr'><strong>pro</strong></span> <span class='ocrx_word' id='word_1_9' title='bbox 431 213 486 258; x_wconf 91' lang='lat' dir='ltr'><strong>bona</strong></span> <span class='ocrx_word' id='word_1_10' title='bbox 498 214 613 259; x_wconf 81' lang='lat' dir='ltr'><strong>uoluntate.</strong></span> <span class='ocrx_word' id='word_1_11' title='bbox 643 211 751 265; x_wconf 82' lang='lat' dir='ltr'><strong>Hinoest</strong></span> <span class='ocrx_word' id='word_1_12' title='bbox 765 209 829 269; x_wconf 48' lang='lat' dir='ltr'><strong>quod:</strong></span> <span class='ocrx_word' id='word_1_13' title='bbox 838 208 883 268; x_wconf 80' lang='lat' dir='ltr'><strong>ipsa</strong></span> <span class='ocrx_word' id='word_1_14' title='bbox 892 211 939 257; x_wconf 90' lang='lat' dir='ltr'><strong>Ve-.</strong></span> 
     </span>
     <span class='ocr_line' id='line_1_3' title="bbox 16 275 941 359; baseline -0.003 -23"><span class='ocrx_word' id='word_1_15' title='bbox 16 293 66 337; x_wconf 84' lang='lat' dir='ltr'><strong>ritas</strong></span> <span class='ocrx_word' id='word_1_16' title='bbox 82 293 189 352; x_wconf 85' lang='lat' dir='ltr'><strong>discipulis</strong></span> <span class='ocrx_word' id='word_1_17' title='bbox 204 295 265 338; x_wconf 89' lang='lat' dir='ltr'><strong>dicit:</strong></span> <span class='ocrx_word' id='word_1_18' title='bbox 280 296 331 338; x_wconf 84' lang='lat' dir='ltr'><strong>Sine</strong></span> <span class='ocrx_word' id='word_1_19' title='bbox 345 310 381 339; x_wconf 92' lang='lat' dir='ltr'><strong>me</strong></span> <span class='ocrx_word' id='word_1_20' title='bbox 397 296 450 339; x_wconf 88' lang='lat' dir='ltr'><strong>nihil</strong></span> <span class='ocrx_word' id='word_1_21' title='bbox 470 297 557 353; x_wconf 90' lang='lat' dir='ltr'><strong>potestis</strong></span> <span class='ocrx_word' id='word_1_22' title='bbox 571 294 651 359; x_wconf 71' lang='lat' dir='ltr'><strong>facere.</strong></span> <span class='ocrx_word' id='word_1_23' title='bbox 687 295 731 339; x_wconf 89' lang='lat' dir='ltr'><strong>Sed</strong></span> <span class='ocrx_word' id='word_1_24' title='bbox 750 275 772 336; x_wconf 89' lang='lat' dir='ltr'><strong>iu</strong></span> <span class='ocrx_word' id='word_1_25' title='bbox 789 293 829 342; x_wconf 30' lang='lat' dir='ltr'><strong>his,</strong></span> <span class='ocrx_word' id='word_1_26' title='bbox 839 293 941 353; x_wconf 84' lang='lat' dir='ltr'><strong>conside-</strong></span> 
     </span>
     <span class='ocr_line' id='line_1_4' title="bbox 16 373 941 433; baseline -0.004 -15"><span class='ocrx_word' id='word_1_27' title='bbox 16 377 114 429; x_wconf 82' lang='lat' dir='ltr'><strong>randum,</strong></span> <span class='ocrx_word' id='word_1_28' title='bbox 130 377 179 433; x_wconf 86' lang='lat' dir='ltr'><strong>quia</strong></span> <span class='ocrx_word' id='word_1_29' title='bbox 192 376 222 418; x_wconf 91' lang='lat' dir='ltr'><strong>sic</strong></span> <span class='ocrx_word' id='word_1_30' title='bbox 238 376 294 419; x_wconf 91' lang='lat' dir='ltr'><strong>bona</strong></span> <span class='ocrx_word' id='word_1_31' title='bbox 310 386 382 421; x_wconf 87' lang='lat' dir='ltr'><strong>nostra</strong></span> <span class='ocrx_word' id='word_1_32' title='bbox 401 379 419 420; x_wconf 92' lang='lat' dir='ltr'><strong>si</strong></span> <span class='ocrx_word' id='word_1_33' title='bbox 436 378 587 433; x_wconf 92' lang='lat' dir='ltr'><strong>omnipotentis</strong></span> <span class='ocrx_word' id='word_1_34' title='bbox 601 379 644 420; x_wconf 86' lang='lat' dir='ltr'><strong>Dei</strong></span> <span class='ocrx_word' id='word_1_35' title='bbox 659 379 715 420; x_wconf 87' lang='lat' dir='ltr'><strong>dona</strong></span> <span class='ocrx_word' id='word_1_36' title='bbox 729 381 790 429; x_wconf 85' lang='lat' dir='ltr'><strong>sunt,</strong></span> <span class='ocrx_word' id='word_1_37' title='bbox 821 380 846 427; x_wconf 88' lang='lat' dir='ltr'><strong>ut</strong></span> <span class='ocrx_word' id='word_1_38' title='bbox 869 375 891 415; x_wconf 89' lang='lat' dir='ltr'><strong>in</strong></span> <span class='ocrx_word' id='word_1_39' title='bbox 910 373 941 416; x_wconf 84' lang='lat' dir='ltr'><strong>eis</strong></span> 
     </span>
     <span class='ocr_line' id='line_1_5' title="bbox 15 440 940 515; baseline -0.001 -17"><span class='ocrx_word' id='word_1_40' title='bbox 15 456 95 513; x_wconf 84' lang='lat' dir='ltr'><strong>aliquid</strong></span> <span class='ocrx_word' id='word_1_41' title='bbox 109 463 204 499; x_wconf 88' lang='lat' dir='ltr'><strong>nostrum</strong></span> <span class='ocrx_word' id='word_1_42' title='bbox 218 471 261 499; x_wconf 90' lang='lat' dir='ltr'><strong>non</strong></span> <span class='ocrx_word' id='word_1_43' title='bbox 276 458 314 510; x_wconf 87' lang='lat' dir='ltr'><strong>sit,</strong></span> <span class='ocrx_word' id='word_1_44' title='bbox 331 471 370 500; x_wconf 85' lang='lat' dir='ltr'><strong>cur</strong></span> <span class='ocrx_word' id='word_1_45' title='bbox 388 472 426 500; x_wconf 87' lang='lat' dir='ltr'><strong>nos</strong></span> <span class='ocrx_word' id='word_1_46' title='bbox 444 459 504 515; x_wconf 80' lang='lat' dir='ltr'><strong>quasi</strong></span> <span class='ocrx_word' id='word_1_47' title='bbox 519 472 558 514; x_wconf 91' lang='lat' dir='ltr'><strong>pro</strong></span> <span class='ocrx_word' id='word_1_48' title='bbox 575 459 658 501; x_wconf 83' lang='lat' dir='ltr'><strong>meritis</strong></span> <span class='ocrx_word' id='word_1_49' title='bbox 677 440 787 502; x_wconf 88' lang='lat' dir='ltr'><strong>aeternam</strong></span> <span class='ocrx_word' id='word_1_50' title='bbox 806 456 940 508; x_wconf 51' lang='lat' dir='ltr'><strong>retributio-¹</strong></span> 
     </span>
    </p>
   </div>
   <div class='ocr_carea' id='block_1_3' title="bbox 14 535 937 595">
    <p class='ocr_par' dir='ltr' id='par_1_3' title="bbox 14 535 937 595">
     <span class='ocr_line' id='line_1_6' title="bbox 14 535 937 595; baseline -0.001 -15"><span class='ocrx_word' id='word_1_51' title='bbox 14 548 65 580; x_wconf 84' lang='lat' dir='ltr'><strong>nem</strong></span> <span class='ocrx_word' id='word_1_52' title='bbox 82 535 220 595; x_wconf 79' lang='lat' dir='ltr'><strong>quaerimus?</strong></span> <span class='ocrx_word' id='word_1_53' title='bbox 248 537 272 580; x_wconf 88' lang='lat' dir='ltr'><strong>Si</strong></span> <span class='ocrx_word' id='word_1_54' title='bbox 290 545 362 582; x_wconf 80' lang='lat' dir='ltr'><strong>autem</strong></span> <span class='ocrx_word' id='word_1_55' title='bbox 380 540 411 583; x_wconf 84' lang='lat' dir='ltr'><strong>its</strong></span> <span class='ocrx_word' id='word_1_56' title='bbox 427 546 500 583; x_wconf 88' lang='lat' dir='ltr'><strong>nostra</strong></span> <span class='ocrx_word' id='word_1_57' title='bbox 516 546 576 593; x_wconf 91' lang='lat' dir='ltr'><strong>sunt,</strong></span> <span class='ocrx_word' id='word_1_58' title='bbox 600 545 625 582; x_wconf 85' lang='lat' dir='ltr'><strong>ut</strong></span> <span class='ocrx_word' id='word_1_59' title='bbox 643 539 699 590; x_wconf 83' lang='lat' dir='ltr'><strong>dona</strong></span> <span class='ocrx_word' id='word_1_60' title='bbox 719 539 761 581; x_wconf 85' lang='lat' dir='ltr'><strong>Dei</strong></span> <span class='ocrx_word' id='word_1_61' title='bbox 782 537 937 592; x_wconf 88' lang='lat' dir='ltr'><strong>omnipotentis</strong></span> 
     </span>
    </p>
   </div>
   <div class='ocr_carea' id='block_1_4' title="bbox 5 617 937 2770">
    <p class='ocr_par' dir='ltr' id='par_1_4' title="bbox 12 617 937 1480">
     <span class='ocr_line' id='line_1_7' title="bbox 14 617 935 678; baseline -0.003 -18"><span class='ocrx_word' id='word_1_62' title='bbox 14 630 58 661; x_wconf 90' lang='lat' dir='ltr'><strong>non</strong></span> <span class='ocrx_word' id='word_1_63' title='bbox 74 619 129 670; x_wconf 83' lang='lat' dir='ltr'><strong>siut,</strong></span> <span class='ocrx_word' id='word_1_64' title='bbox 153 630 192 660; x_wconf 86' lang='lat' dir='ltr'><strong>cur</strong></span> <span class='ocrx_word' id='word_1_65' title='bbox 216 618 292 662; x_wconf 84' lang='lat' dir='ltr'><strong>exeis</strong></span> <span class='ocrx_word' id='word_1_66' title='bbox 312 621 451 678; x_wconf 72' lang='lat' dir='ltr'><strong>omnipotenti</strong></span> <span class='ocrx_word' id='word_1_67' title='bbox 467 622 516 665; x_wconf 88' lang='lat' dir='ltr'><strong>Deo</strong></span> <span class='ocrx_word' id='word_1_68' title='bbox 535 621 614 677; x_wconf 82' lang='lat' dir='ltr'><strong>gratias</strong></span> <span class='ocrx_word' id='word_1_69' title='bbox 629 617 726 675; x_wconf 82' lang='lat' dir='ltr'><strong>agimus?</strong></span> <span class='ocrx_word' id='word_1_70' title='bbox 760 619 802 661; x_wconf 85' lang='lat' dir='ltr'><strong>Sed</strong></span> <span class='ocrx_word' id='word_1_71' title='bbox 821 618 935 671; x_wconf 84' lang='lat' dir='ltr'><strong>sciendum</strong></span> 
     </span>
     <span class='ocr_line' id='line_1_8' title="bbox 14 698 937 763; baseline 0.001 -22"><span class='ocrx_word' id='word_1_72' title='bbox 14 705 59 751; x_wconf 88' lang='lat' dir='ltr'><strong>est,</strong></span> <span class='ocrx_word' id='word_1_73' title='bbox 88 699 138 755; x_wconf 86' lang='lat' dir='ltr'><strong>quia</strong></span> <span class='ocrx_word' id='word_1_74' title='bbox 155 698 210 763; x_wconf 79' lang='lat' dir='ltr'><strong>mela</strong></span> <span class='ocrx_word' id='word_1_75' title='bbox 228 706 300 743; x_wconf 84' lang='lat' dir='ltr'><strong>nostra</strong></span> <span class='ocrx_word' id='word_1_76' title='bbox 316 702 450 745; x_wconf 83' lang='lat' dir='ltr'><strong>solummodo</strong></span> <span class='ocrx_word' id='word_1_77' title='bbox 465 709 537 744; x_wconf 85' lang='lat' dir='ltr'><strong>nostre</strong></span> <span class='ocrx_word' id='word_1_78' title='bbox 555 708 616 757; x_wconf 76' lang='lat' dir='ltr'><strong>sunt3</strong></span> <span class='ocrx_word' id='word_1_79' title='bbox 648 700 705 741; x_wconf 88' lang='lat' dir='ltr'><strong>bona</strong></span> <span class='ocrx_word' id='word_1_80' title='bbox 721 708 791 743; x_wconf 82' lang='lat' dir='ltr'><strong>sutem</strong></span> <span class='ocrx_word' id='word_1_81' title='bbox 808 705 893 752; x_wconf 82' lang='lat' dir='ltr'><strong>nostra,</strong></span> <span class='ocrx_word' id='word_1_82' title='bbox 904 705 937 754; x_wconf 24' lang='lat' dir='ltr'><strong>,ct</strong></span> 
     </span>
     <span class='ocr_line' id='line_1_9' title="bbox 13 778 935 844; baseline 0.004 -24"><span class='ocrx_word' id='word_1_83' title='bbox 13 778 167 835; x_wconf 88' lang='lat' dir='ltr'><strong>omnipotentis</strong></span> <span class='ocrx_word' id='word_1_84' title='bbox 181 780 223 844; x_wconf 83' lang='lat' dir='ltr'><strong>Dei</strong></span> <span class='ocrx_word' id='word_1_85' title='bbox 240 787 296 832; x_wconf 88' lang='lat' dir='ltr'><strong>sunt,</strong></span> <span class='ocrx_word' id='word_1_86' title='bbox 311 789 333 824; x_wconf 89' lang='lat' dir='ltr'><strong>et</strong></span> <span class='ocrx_word' id='word_1_87' title='bbox 349 790 432 837; x_wconf 81' lang='lat' dir='ltr'><strong>nostra3</strong></span> <span class='ocrx_word' id='word_1_88' title='bbox 464 783 513 839; x_wconf 90' lang='lat' dir='ltr'><strong>quia</strong></span> <span class='ocrx_word' id='word_1_89' title='bbox 530 783 576 838; x_wconf 87' lang='lat' dir='ltr'><strong>ipse</strong></span> <span class='ocrx_word' id='word_1_90' title='bbox 593 782 709 837; x_wconf 78' lang='lat' dir='ltr'><strong>aspirando</strong></span> <span class='ocrx_word' id='word_1_91' title='bbox 725 795 763 823; x_wconf 91' lang='lat' dir='ltr'><strong>nos</strong></span> <span class='ocrx_word' id='word_1_92' title='bbox 781 781 893 836; x_wconf 89' lang='lat' dir='ltr'><strong>praevenit</strong></span> <span class='ocrx_word' id='word_1_93' title='bbox 910 788 935 824; x_wconf 90' lang='lat' dir='ltr'><strong>ut</strong></span> 
     </span>
     <span class='ocr_line' id='line_1_10' title="bbox 13 847 933 918; baseline 0.002 -16"><span class='ocrx_word' id='word_1_94' title='bbox 13 857 173 914; x_wconf 71' lang='lat' dir='ltr'><strong>&#39;velimus,qui</strong></span> <span class='ocrx_word' id='word_1_95' title='bbox 192 855 313 913; x_wconf 71' lang='lat' dir='ltr'><strong>adjuvando</strong></span> <span class='ocrx_word' id='word_1_96' title='bbox 326 861 473 917; x_wconf 78' lang='lat' dir='ltr'><strong>subsequitur,</strong></span> <span class='ocrx_word' id='word_1_97' title='bbox 495 877 523 904; x_wconf 91' lang='lat' dir='ltr'><strong>ne</strong></span> <span class='ocrx_word' id='word_1_98' title='bbox 541 863 634 913; x_wconf 82' lang='lat' dir='ltr'><strong>inaniter</strong></span> <span class='ocrx_word' id='word_1_99' title='bbox 651 863 750 916; x_wconf 81' lang='lat' dir='ltr'><strong>velimus,</strong></span> <span class='ocrx_word' id='word_1_100' title='bbox 770 847 810 904; x_wconf 66' lang='lat' dir='ltr'><strong>,sed</strong></span> <span class='ocrx_word' id='word_1_101' title='bbox 827 858 933 918; x_wconf 75' lang='lat' dir='ltr'><strong>possimus</strong></span> 
     </span>
     <span class='ocr_line' id='line_1_11' title="bbox 13 921 933 997; baseline 0.005 -17"><span class='ocrx_word' id='word_1_102' title='bbox 13 937 106 993; x_wconf 88' lang='lat' dir='ltr'><strong>implere</strong></span> <span class='ocrx_word' id='word_1_103' title='bbox 122 951 177 993; x_wconf 90' lang='lat' dir='ltr'><strong>quae</strong></span> <span class='ocrx_word' id='word_1_104' title='bbox 191 940 295 982; x_wconf 86' lang='lat' dir='ltr'><strong>volumus.</strong></span> <span class='ocrx_word' id='word_1_105' title='bbox 326 942 483 991; x_wconf 81' lang='lat' dir='ltr'><strong>Praevenicnte</strong></span> <span class='ocrx_word' id='word_1_106' title='bbox 499 955 549 997; x_wconf 81' lang='lat' dir='ltr'><strong>ergo</strong></span> <span class='ocrx_word' id='word_1_107' title='bbox 562 944 637 997; x_wconf 81' lang='lat' dir='ltr'><strong>gratia,</strong></span> <span class='ocrx_word' id='word_1_108' title='bbox 652 950 673 985; x_wconf 88' lang='lat' dir='ltr'><strong>et</strong></span> <span class='ocrx_word' id='word_1_109' title='bbox 690 943 745 984; x_wconf 87' lang='lat' dir='ltr'><strong>bona</strong></span> <span class='ocrx_word' id='word_1_110' title='bbox 760 921 869 995; x_wconf 85' lang='lat' dir='ltr'><strong>voluntate</strong></span> <span class='ocrx_word' id='word_1_111' title='bbox 878 944 933 994; x_wconf 64' lang='lat' dir='ltr'><strong>sub7</strong></span> 
     </span>
     <span class='ocr_line' id='line_1_12' title="bbox 13 1018 932 1078; baseline 0.007 -18"><span class='ocrx_word' id='word_1_112' title='bbox 13 1025 129 1075; x_wconf 82' lang='lat' dir='ltr'><strong>sequente,</strong></span> <span class='ocrx_word' id='word_1_113' title='bbox 148 1018 191 1060; x_wconf 88' lang='lat' dir='ltr'><strong>hoc</strong></span> <span class='ocrx_word' id='word_1_114' title='bbox 206 1022 264 1075; x_wconf 91' lang='lat' dir='ltr'><strong>quod</strong></span> <span class='ocrx_word' id='word_1_115' title='bbox 281 1022 432 1078; x_wconf 88' lang='lat' dir='ltr'><strong>omnipotentis</strong></span> <span class='ocrx_word' id='word_1_116' title='bbox 449 1023 491 1068; x_wconf 89' lang='lat' dir='ltr'><strong>Dei</strong></span> <span class='ocrx_word' id='word_1_117' title='bbox 509 1023 588 1064; x_wconf 90' lang='lat' dir='ltr'><strong>donum</strong></span> <span class='ocrx_word' id='word_1_118' title='bbox 605 1029 647 1075; x_wconf 90' lang='lat' dir='ltr'><strong>est,</strong></span> <span class='ocrx_word' id='word_1_119' title='bbox 669 1022 693 1064; x_wconf 88' lang='lat' dir='ltr'><strong>fit</strong></span> <span class='ocrx_word' id='word_1_120' title='bbox 712 1024 811 1065; x_wconf 89' lang='lat' dir='ltr'><strong>meritum</strong></span> <span class='ocrx_word' id='word_1_121' title='bbox 828 1026 932 1071; x_wconf 52' lang='lat' dir='ltr'><strong>nostrum)</strong></span> 
     </span>
     <span class='ocr_line' id='line_1_13' title="bbox 13 1098 933 1158; baseline 0.005 -18"><span class='ocrx_word' id='word_1_122' title='bbox 13 1099 79 1153; x_wconf 89' lang='lat' dir='ltr'><strong>Quod</strong></span> <span class='ocrx_word' id='word_1_123' title='bbox 99 1098 155 1141; x_wconf 89' lang='lat' dir='ltr'><strong>bene</strong></span> <span class='ocrx_word' id='word_1_124' title='bbox 173 1099 252 1142; x_wconf 84' lang='lat' dir='ltr'><strong>Paulus</strong></span> <span class='ocrx_word' id='word_1_125' title='bbox 270 1100 331 1145; x_wconf 82' lang='lat' dir='ltr'><strong>breui</strong></span> <span class='ocrx_word' id='word_1_126' title='bbox 348 1102 453 1145; x_wconf 87' lang='lat' dir='ltr'><strong>sententia</strong></span> <span class='ocrx_word' id='word_1_127' title='bbox 473 1104 572 1158; x_wconf 78' lang='lat' dir='ltr'><strong>explicat,</strong></span> <span class='ocrx_word' id='word_1_128' title='bbox 591 1105 674 1145; x_wconf 87' lang='lat' dir='ltr'><strong>dicens:</strong></span> <span class='ocrx_word' id='word_1_129' title='bbox 702 1103 753 1145; x_wconf 84' lang='lat' dir='ltr'><strong>Plus</strong></span> <span class='ocrx_word' id='word_1_130' title='bbox 770 1104 811 1145; x_wconf 90' lang='lat' dir='ltr'><strong>illis</strong></span> <span class='ocrx_word' id='word_1_131' title='bbox 823 1104 933 1152; x_wconf 26' lang='lat' dir='ltr'><strong>*omnibus</strong></span> 
     </span>
     <span class='ocr_line' id='line_1_14' title="bbox 12 1178 933 1238; baseline 0.004 -17"><span class='ocrx_word' id='word_1_132' title='bbox 12 1178 114 1222; x_wconf 85' lang='lat' dir='ltr'><strong>laboravi.</strong></span> <span class='ocrx_word' id='word_1_133' title='bbox 141 1180 185 1234; x_wconf 87' lang='lat' dir='ltr'><strong>Qui</strong></span> <span class='ocrx_word' id='word_1_134' title='bbox 201 1193 229 1221; x_wconf 90' lang='lat' dir='ltr'><strong>ne</strong></span> <span class='ocrx_word' id='word_1_135' title='bbox 244 1195 295 1222; x_wconf 89' lang='lat' dir='ltr'><strong>suae</strong></span> <span class='ocrx_word' id='word_1_136' title='bbox 311 1183 421 1228; x_wconf 77' lang='lat' dir='ltr'><strong>uideretur</strong></span> <span class='ocrx_word' id='word_1_137' title='bbox 437 1183 509 1226; x_wconf 87' lang='lat' dir='ltr'><strong>virtuti</strong></span> <span class='ocrx_word' id='word_1_138' title='bbox 523 1183 623 1225; x_wconf 85' lang='lat' dir='ltr'><strong>tribuisse</strong></span> <span class='ocrx_word' id='word_1_139' title='bbox 637 1184 698 1238; x_wconf 63' lang='lat' dir='ltr'><strong>,quod</strong></span> <span class='ocrx_word' id='word_1_140' title='bbox 713 1183 808 1234; x_wconf 85' lang='lat' dir='ltr'><strong>fecerat,</strong></span> <span class='ocrx_word' id='word_1_141' title='bbox 826 1183 933 1236; x_wconf 81' lang='lat' dir='ltr'><strong>adjunxit:</strong></span> 
     </span>
     <span class='ocr_line' id='line_1_15' title="bbox 12 1259 934 1319; baseline 0.003 -17"><span class='ocrx_word' id='word_1_142' title='bbox 12 1259 61 1303; x_wconf 90' lang='lat' dir='ltr'><strong>Non</strong></span> <span class='ocrx_word' id='word_1_143' title='bbox 74 1267 146 1303; x_wconf 88' lang='lat' dir='ltr'><strong>autem</strong></span> <span class='ocrx_word' id='word_1_144' title='bbox 160 1274 209 1314; x_wconf 83' lang='lat' dir='ltr'><strong>ego,</strong></span> <span class='ocrx_word' id='word_1_145' title='bbox 223 1263 261 1303; x_wconf 83' lang='lat' dir='ltr'><strong>sed</strong></span> <span class='ocrx_word' id='word_1_146' title='bbox 276 1262 343 1316; x_wconf 86' lang='lat' dir='ltr'><strong>gratia</strong></span> <span class='ocrx_word' id='word_1_147' title='bbox 357 1262 400 1305; x_wconf 90' lang='lat' dir='ltr'><strong>Dei</strong></span> <span class='ocrx_word' id='word_1_148' title='bbox 417 1277 508 1304; x_wconf 88' lang='lat' dir='ltr'><strong>mecum.</strong></span> <span class='ocrx_word' id='word_1_149' title='bbox 541 1263 599 1316; x_wconf 88' lang='lat' dir='ltr'><strong>Quia</strong></span> <span class='ocrx_word' id='word_1_150' title='bbox 616 1263 674 1303; x_wconf 89' lang='lat' dir='ltr'><strong>enim</strong></span> <span class='ocrx_word' id='word_1_151' title='bbox 689 1263 775 1304; x_wconf 86' lang='lat' dir='ltr'><strong>caelesti</strong></span> <span class='ocrx_word' id='word_1_152' title='bbox 793 1264 849 1304; x_wconf 90' lang='lat' dir='ltr'><strong>dono</strong></span> <span class='ocrx_word' id='word_1_153' title='bbox 867 1277 934 1319; x_wconf 79' lang='lat' dir='ltr'><strong>prae-¹</strong></span> 
     </span>
     <span class='ocr_line' id='line_1_16' title="bbox 12 1323 931 1399; baseline 0.007 -17"><span class='ocrx_word' id='word_1_154' title='bbox 12 1347 88 1384; x_wconf 85' lang='lat' dir='ltr'><strong>ventus</strong></span> <span class='ocrx_word' id='word_1_155' title='bbox 105 1346 147 1392; x_wconf 90' lang='lat' dir='ltr'><strong>est,</strong></span> <span class='ocrx_word' id='word_1_156' title='bbox 166 1342 338 1397; x_wconf 81' lang='lat' dir='ltr'><strong>quasielienum</strong></span> <span class='ocrx_word' id='word_1_157' title='bbox 356 1356 381 1384; x_wconf 86' lang='lat' dir='ltr'><strong>se</strong></span> <span class='ocrx_word' id='word_1_158' title='bbox 399 1341 487 1390; x_wconf 85' lang='lat' dir='ltr'><strong>abono</strong></span> <span class='ocrx_word' id='word_1_159' title='bbox 503 1357 541 1384; x_wconf 87' lang='lat' dir='ltr'><strong>suo</strong></span> <span class='ocrx_word' id='word_1_160' title='bbox 561 1356 627 1399; x_wconf 88' lang='lat' dir='ltr'><strong>opere</strong></span> <span class='ocrx_word' id='word_1_161' title='bbox 652 1343 748 1397; x_wconf 84' lang='lat' dir='ltr'><strong>agnovit,</strong></span> <span class='ocrx_word' id='word_1_162' title='bbox 769 1323 852 1385; x_wconf 85' lang='lat' dir='ltr'><strong>dicens:</strong></span> <span class='ocrx_word' id='word_1_163' title='bbox 882 1344 931 1395; x_wconf 80' lang='lat' dir='ltr'><strong>Non</strong></span> 
     </span>
     <span class='ocr_line' id='line_1_17' title="bbox 12 1421 930 1480; baseline 0.001 -17"><span class='ocrx_word' id='word_1_164' title='bbox 12 1426 84 1463; x_wconf 86' lang='lat' dir='ltr'><strong>autem</strong></span> <span class='ocrx_word' id='word_1_165' title='bbox 102 1434 148 1475; x_wconf 89' lang='lat' dir='ltr'><strong>ego</strong></span> <span class='ocrx_word' id='word_1_166' title='bbox 175 1423 218 1464; x_wconf 87' lang='lat' dir='ltr'><strong>Sed</strong></span> <span class='ocrx_word' id='word_1_167' title='bbox 235 1424 285 1480; x_wconf 87' lang='lat' dir='ltr'><strong>quia</strong></span> <span class='ocrx_word' id='word_1_168' title='bbox 302 1423 441 1480; x_wconf 83' lang='lat' dir='ltr'><strong>praeveniens</strong></span> <span class='ocrx_word' id='word_1_169' title='bbox 458 1424 525 1478; x_wconf 81' lang='lat' dir='ltr'><strong>gratia</strong></span> <span class='ocrx_word' id='word_1_170' title='bbox 541 1422 656 1470; x_wconf 89' lang='lat' dir='ltr'><strong>liberum</strong></span> <span class='ocrx_word' id='word_1_171' title='bbox 649 1436 671 1465; x_wconf 88' lang='grc' dir='ltr'><strong>ιιι</strong></span> <span class='ocrx_word' id='word_1_172' title='bbox 691 1436 717 1464; x_wconf 92' lang='lat' dir='ltr'><strong>eo</strong></span> <span class='ocrx_word' id='word_1_173' title='bbox 736 1422 848 1464; x_wconf 77' lang='lat' dir='ltr'><strong>albitrium</strong></span> <span class='ocrx_word' id='word_1_174' title='bbox 867 1421 930 1464; x_wconf 90' lang='lat' dir='ltr'><strong>fece-</strong></span> 
     </span>
    </p>

    <p class='ocr_par' dir='ltr' id='par_1_5' title="bbox 9 1494 930 1801">
     <span class='ocr_line' id='line_1_18' title="bbox 12 1494 929 1568; baseline 0.001 -24"><span class='ocrx_word' id='word_1_175' title='bbox 12 1501 192 1554; x_wconf 70' lang='lat' dir='ltr'><strong>ratisbonam,</strong></span> <span class='ocrx_word' id='word_1_176' title='bbox 218 1517 262 1559; x_wconf 91' lang='lat' dir='ltr'><strong>qno</strong></span> <span class='ocrx_word' id='word_1_177' title='bbox 279 1503 348 1545; x_wconf 92' lang='lat' dir='ltr'><strong>libero</strong></span> <span class='ocrx_word' id='word_1_178' title='bbox 370 1494 457 1549; x_wconf 82' lang='lat' dir='ltr'><strong>arbitrio</strong></span> <span class='ocrx_word' id='word_1_179' title='bbox 475 1504 577 1547; x_wconf 88' lang='lat' dir='ltr'><strong>camdem</strong></span> <span class='ocrx_word' id='word_1_180' title='bbox 597 1504 688 1568; x_wconf 82' lang='lat' dir='ltr'><strong>gratiam</strong></span> <span class='ocrx_word' id='word_1_181' title='bbox 710 1509 742 1545; x_wconf 90' lang='lat' dir='ltr'><strong>est</strong></span> <span class='ocrx_word' id='word_1_182' title='bbox 761 1502 912 1556; x_wconf 85' lang='lat' dir='ltr'><strong>subsecutus</strong></span> <span class='ocrx_word' id='word_1_183' title='bbox 906 1517 929 1545; x_wconf 86' lang='lat' dir='ltr'><strong>sn</strong></span> 
     </span>
     <span class='ocr_line' id='line_1_19' title="bbox 12 1563 930 1645; baseline -0.001 -22"><span class='ocrx_word' id='word_1_184' title='bbox 12 1595 86 1637; x_wconf 87' lang='lat' dir='ltr'><strong>opere,</strong></span> <span class='ocrx_word' id='word_1_185' title='bbox 84 1563 205 1637; x_wconf 83' lang='lat' dir='ltr'><strong>adjunxit:</strong></span> <span class='ocrx_word' id='word_1_186' title='bbox 229 1584 273 1626; x_wconf 88' lang='lat' dir='ltr'><strong>Sed</strong></span> <span class='ocrx_word' id='word_1_187' title='bbox 290 1584 358 1645; x_wconf 86' lang='lat' dir='ltr'><strong>gratia</strong></span> <span class='ocrx_word' id='word_1_188' title='bbox 372 1585 415 1627; x_wconf 91' lang='lat' dir='ltr'><strong>Dei</strong></span> <span class='ocrx_word' id='word_1_189' title='bbox 429 1599 521 1627; x_wconf 83' lang='lat' dir='ltr'><strong>mecum.</strong></span> <span class='ocrx_word' id='word_1_190' title='bbox 549 1583 593 1628; x_wconf 77' lang='lat' dir='ltr'><strong>Ao</strong></span> <span class='ocrx_word' id='word_1_191' title='bbox 598 1586 616 1627; x_wconf 91' lang='lat' dir='ltr'><strong>si</strong></span> <span class='ocrx_word' id='word_1_192' title='bbox 631 1583 728 1624; x_wconf 83' lang='lat' dir='ltr'><strong>diceret</strong></span> <span class='ocrx_word' id='word_1_193' title='bbox 748 1581 845 1623; x_wconf 89' lang='lat' dir='ltr'><strong>inbono</strong></span> <span class='ocrx_word' id='word_1_194' title='bbox 863 1595 930 1638; x_wconf 91' lang='lat' dir='ltr'><strong>opere</strong></span> 
     </span>
     <span class='ocr_line' id='line_1_20' title="bbox 10 1662 930 1720; baseline -0.001 -14"><span class='ocrx_word' id='word_1_195' title='bbox 10 1662 113 1715; x_wconf 85' lang='lat' dir='ltr'><strong>laboravi,</strong></span> <span class='ocrx_word' id='word_1_196' title='bbox 130 1677 173 1704; x_wconf 90' lang='lat' dir='ltr'><strong>non</strong></span> <span class='ocrx_word' id='word_1_197' title='bbox 188 1677 240 1718; x_wconf 85' lang='lat' dir='ltr'><strong>ego,</strong></span> <span class='ocrx_word' id='word_1_198' title='bbox 272 1665 310 1707; x_wconf 86' lang='lat' dir='ltr'><strong>sed</strong></span> <span class='ocrx_word' id='word_1_199' title='bbox 330 1670 416 1720; x_wconf 81' lang='lat' dir='ltr'><strong>elego.</strong></span> <span class='ocrx_word' id='word_1_200' title='bbox 448 1664 530 1707; x_wconf 88' lang='lat' dir='ltr'><strong>lnhoe</strong></span> <span class='ocrx_word' id='word_1_201' title='bbox 550 1664 607 1711; x_wconf 85' lang='lat' dir='ltr'><strong>euim</strong></span> <span class='ocrx_word' id='word_1_202' title='bbox 630 1662 688 1718; x_wconf 89' lang='lat' dir='ltr'><strong>quod</strong></span> <span class='ocrx_word' id='word_1_203' title='bbox 706 1662 752 1704; x_wconf 89' lang='lat' dir='ltr'><strong>solo</strong></span> <span class='ocrx_word' id='word_1_204' title='bbox 765 1662 862 1706; x_wconf 83' lang='lat' dir='ltr'><strong>Domtnl</strong></span> <span class='ocrx_word' id='word_1_205' title='bbox 873 1663 930 1705; x_wconf 88' lang='lat' dir='ltr'><strong>dono</strong></span> 
     </span>
     <span class='ocr_line' id='line_1_21' title="bbox 9 1727 928 1801; baseline -0.003 -15"><span class='ocrx_word' id='word_1_206' title='bbox 9 1750 138 1801; x_wconf 81' lang='lat' dir='ltr'><strong>praeventus</strong></span> <span class='ocrx_word' id='word_1_207' title='bbox 155 1756 213 1795; x_wconf 88' lang='lat' dir='ltr'><strong>sum,</strong></span> <span class='ocrx_word' id='word_1_208' title='bbox 230 1759 274 1786; x_wconf 80' lang='lat' dir='ltr'><strong>non</strong></span> <span class='ocrx_word' id='word_1_209' title='bbox 289 1759 340 1800; x_wconf 88' lang='lat' dir='ltr'><strong>ego:</strong></span> <span class='ocrx_word' id='word_1_210' title='bbox 359 1746 381 1787; x_wconf 89' lang='lat' dir='ltr'><strong>in</strong></span> <span class='ocrx_word' id='word_1_211' title='bbox 396 1759 422 1785; x_wconf 90' lang='lat' dir='ltr'><strong>eo</strong></span> <span class='ocrx_word' id='word_1_212' title='bbox 438 1750 509 1786; x_wconf 82' lang='lat' dir='ltr'><strong>autem</strong></span> <span class='ocrx_word' id='word_1_213' title='bbox 526 1744 584 1799; x_wconf 90' lang='lat' dir='ltr'><strong>quod</strong></span> <span class='ocrx_word' id='word_1_214' title='bbox 600 1744 680 1784; x_wconf 90' lang='lat' dir='ltr'><strong>donum</strong></span> <span class='ocrx_word' id='word_1_215' title='bbox 698 1727 808 1794; x_wconf 76' lang='lat' dir='ltr'><strong>uoluntate</strong></span> <span class='ocrx_word' id='word_1_216' title='bbox 821 1741 928 1784; x_wconf 86' lang='lat' dir='ltr'><strong>subsecu-</strong></span> 
     </span>
    </p>

    <p class='ocr_par' dir='ltr' id='par_1_6' title="bbox 9 1820 927 1961">
     <span class='ocr_line' id='line_1_22' title="bbox 9 1820 927 1880; baseline -0.002 -14"><span class='ocrx_word' id='word_1_217' title='bbox 9 1830 51 1877; x_wconf 89' lang='lat' dir='ltr'><strong>tus,</strong></span> <span class='ocrx_word' id='word_1_218' title='bbox 66 1824 222 1879; x_wconf 70' lang='lat' dir='ltr'><strong>atagartis</strong></span> <span class='ocrx_word' id='word_1_219' title='bbox 236 1824 308 1880; x_wconf 77' lang='lat' dir='ltr'><strong>igilur·</strong></span> <span class='ocrx_word' id='word_1_220' title='bbox 317 1824 417 1870; x_wconf 82' lang='lat' dir='ltr'><strong>breviter</strong></span> <span class='ocrx_word' id='word_1_221' title='bbox 434 1829 514 1866; x_wconf 86' lang='lat' dir='ltr'><strong>contra</strong></span> <span class='ocrx_word' id='word_1_222' title='bbox 524 1823 649 1880; x_wconf 78' lang='lat' dir='ltr'><strong>Pelagium</strong></span> <span class='ocrx_word' id='word_1_223' title='bbox 666 1827 688 1863; x_wconf 86' lang='lat' dir='ltr'><strong>et</strong></span> <span class='ocrx_word' id='word_1_224' title='bbox 696 1820 837 1876; x_wconf 73' lang='lat' dir='ltr'><strong>Caelestinus</strong></span> <span class='ocrx_word' id='word_1_225' title='bbox 851 1822 906 1875; x_wconf 79' lang='grc' dir='ltr'><strong>ιΙιοι’</strong></span> <span class='ocrx_word' id='word_1_226' title='bbox 888 1828 927 1876; x_wconf 78' lang='grc' dir='ltr'><strong>ιιι,</strong></span> 
     </span>
     <span class='ocr_line' id='line_1_23' title="bbox 10 1898 922 1961; baseline -0.005 -14"><span class='ocrx_word' id='word_1_227' title='bbox 10 1905 39 1949; x_wconf 85' lang='lat' dir='ltr'><strong>ed</strong></span> <span class='ocrx_word' id='word_1_228' title='bbox 53 1904 173 1961; x_wconf 84' lang='lat' dir='ltr'><strong>exponendi</strong></span> <span class='ocrx_word' id='word_1_229' title='bbox 188 1905 285 1947; x_wconf 82' lang='lat' dir='ltr'><strong>ordinem</strong></span> <span class='ocrx_word' id='word_1_230' title='bbox 302 1906 420 1947; x_wconf 86' lang='lat' dir='ltr'><strong>redeamus</strong></span> <span class='ocrx_word' id='word_1_231' title='bbox 422 1906 436 1930; x_wconf 85' lang='lat'>“</span> <span class='ocrx_word' id='word_1_232' title='bbox 464 1904 487 1945; x_wconf 90' lang='lat' dir='ltr'><strong>ln</strong></span> <span class='ocrx_word' id='word_1_233' title='bbox 502 1903 581 1945; x_wconf 83' lang='lat' dir='ltr'><strong>Ezech.</strong></span> <span class='ocrx_word' id='word_1_234' title='bbox 595 1902 632 1945; x_wconf 89' lang='lat' dir='ltr'><strong>lib.</strong></span> <span class='ocrx_word' id='word_1_235' title='bbox 646 1902 662 1945; x_wconf 93' lang='grc' dir='ltr'><strong>Ι</strong></span> <span class='ocrx_word' id='word_1_236' title='bbox 677 1902 735 1944; x_wconf 87' lang='grc' dir='ltr'><strong>Ιιοιιι.</strong></span> <span class='ocrx_word' id='word_1_237' title='bbox 751 1900 789 1943; x_wconf 83' lang='lat' dir='ltr'><strong>IX</strong></span> <span class='ocrx_word' id='word_1_238' title='bbox 807 1898 878 1958; x_wconf 71' lang='lat' dir='ltr'><strong>§.m</strong></span> <span class='ocrx_word' id='word_1_239' title='bbox 920 1951 922 1959; x_wconf 22' lang='lat'>⁵</span> 
     </span>
    </p>

    <p class='ocr_par' dir='ltr' id='par_1_7' title="bbox 8 1980 928 2122">
     <span class='ocr_line' id='line_1_24' title="bbox 72 1980 928 2041; baseline -0.005 -12"><span class='ocrx_word' id='word_1_240' title='bbox 72 1984 116 2029; x_wconf 87' lang='lat' dir='ltr'><strong>Hie</strong></span> <span class='ocrx_word' id='word_1_241' title='bbox 130 1999 180 2041; x_wconf 88' lang='lat' dir='ltr'><strong>ergo</strong></span> <span class='ocrx_word' id='word_1_242' title='bbox 194 1980 330 2041; x_wconf 82' lang='lat' dir='ltr'><strong>Pelagianarn</strong></span> <span class='ocrx_word' id='word_1_243' title='bbox 346 1985 464 2028; x_wconf 85' lang='lat' dir='ltr'><strong>doctrinam</strong></span> <span class='ocrx_word' id='word_1_244' title='bbox 480 1984 564 2027; x_wconf 83' lang='lat' dir='ltr'><strong>disertis</strong></span> <span class='ocrx_word' id='word_1_245' title='bbox 580 1983 652 2028; x_wconf 81' lang='lat' dir='ltr'><strong>verbis</strong></span> <span class='ocrx_word' id='word_1_246' title='bbox 670 1988 787 2040; x_wconf 85' lang='lat' dir='ltr'><strong>oppugnet,</strong></span> <span class='ocrx_word' id='word_1_247' title='bbox 806 1981 871 2036; x_wconf 81' lang='lat' dir='ltr'><strong>simul</strong></span> <span class='ocrx_word' id='word_1_248' title='bbox 886 1996 928 2025; x_wconf 89' lang='lat' dir='ltr'><strong>au·</strong></span> 
     </span>
     <span class='ocr_line' id='line_1_25' title="bbox 8 2064 924 2122; baseline -0.007 -12"><span class='ocrx_word' id='word_1_249' title='bbox 8 2073 53 2117; x_wconf 87' lang='lat' dir='ltr'><strong>tem</strong></span> <span class='ocrx_word' id='word_1_250' title='bbox 70 2067 289 2122; x_wconf 85' lang='lat' dir='ltr'><strong>Semi-Pelagianam</strong></span> <span class='ocrx_word' id='word_1_251' title='bbox 305 2072 385 2120; x_wconf 89' lang='lat' dir='ltr'><strong>tuetur,</strong></span> <span class='ocrx_word' id='word_1_252' title='bbox 401 2067 453 2108; x_wconf 89' lang='lat' dir='ltr'><strong>dum</strong></span> <span class='ocrx_word' id='word_1_253' title='bbox 470 2065 533 2108; x_wconf 88' lang='lat' dir='ltr'><strong>liberi</strong></span> <span class='ocrx_word' id='word_1_254' title='bbox 547 2065 631 2108; x_wconf 86' lang='lat' dir='ltr'><strong>arbitrii</strong></span> <span class='ocrx_word' id='word_1_255' title='bbox 645 2065 819 2121; x_wconf 84' lang='lat' dir='ltr'><strong>cooperationem</strong></span> <span class='ocrx_word' id='word_1_256' title='bbox 827 2064 924 2118; x_wconf 80' lang='lat' dir='ltr'><strong>admittit,</strong></span> 
     </span>
    </p>

    <p class='ocr_par' dir='ltr' id='par_1_8' title="bbox 7 2144 925 2365">
     <span class='ocr_line' id='line_1_26' title="bbox 54 2144 925 2209; baseline -0.006 -20"><span class='ocrx_word' id='word_1_257' title='bbox 54 2148 93 2189; x_wconf 86' lang='lat'><strong>-5.</strong></span> <span class='ocrx_word' id='word_1_258' title='bbox 119 2146 149 2188; x_wconf 89' lang='lat' dir='ltr'><strong>Ut</strong></span> <span class='ocrx_word' id='word_1_259' title='bbox 166 2146 294 2209; x_wconf 43' lang='lat' dir='ltr'><strong>gratia&#39;Dei</strong></span> <span class='ocrx_word' id='word_1_260' title='bbox 312 2149 453 2205; x_wconf 81' lang='lat' dir='ltr'><strong>praeueniens</strong></span> <span class='ocrx_word' id='word_1_261' title='bbox 471 2146 590 2188; x_wconf 86' lang='lat' dir='ltr'><strong>necessaria</strong></span> <span class='ocrx_word' id='word_1_262' title='bbox 611 2146 687 2187; x_wconf 88' lang='lat' dir='ltr'><strong>estad</strong></span> <span class='ocrx_word' id='word_1_263' title='bbox 705 2144 815 2185; x_wconf 90' lang='lat' dir='ltr'><strong>hominem</strong></span> <span class='ocrx_word' id='word_1_264' title='bbox 838 2148 925 2196; x_wconf 81' lang='lat' dir='ltr'><strong>ostatu</strong></span> 
     </span>
     <span class='ocr_line' id='line_1_27' title="bbox 8 2210 924 2286; baseline -0.005 -17"><span class='ocrx_word' id='word_1_265' title='bbox 8 2226 150 2283; x_wconf 87' lang='lat' dir='ltr'><strong>corruptionis</strong></span> <span class='ocrx_word' id='word_1_266' title='bbox 168 2226 315 2280; x_wconf 80' lang='lat' dir='ltr'><strong>liberandum,</strong></span> <span class='ocrx_word' id='word_1_267' title='bbox 336 2229 366 2269; x_wconf 86' lang='lat' dir='ltr'><strong>its</strong></span> <span class='ocrx_word' id='word_1_268' title='bbox 382 2227 449 2282; x_wconf 83' lang='lat' dir='ltr'><strong>gratia</strong></span> <span class='ocrx_word' id='word_1_269' title='bbox 466 2225 602 2282; x_wconf 82' lang='lat' dir='ltr'><strong>subsequens</strong></span> <span class='ocrx_word' id='word_1_270' title='bbox 622 2225 649 2267; x_wconf 90' lang='lat' dir='ltr'><strong>ad</strong></span> <span class='ocrx_word' id='word_1_271' title='bbox 666 2224 746 2266; x_wconf 90' lang='lat' dir='ltr'><strong>bonum</strong></span> <span class='ocrx_word' id='word_1_272' title='bbox 766 2210 924 2286; x_wconf 78' lang='lat' dir='ltr'><strong>perficiendum</strong></span> 
     </span>
     <span class='ocr_line' id='line_1_28' title="bbox 7 2306 526 2365; baseline -0.008 -13"><span class='ocrx_word' id='word_1_273' title='bbox 7 2307 129 2365; x_wconf 80' lang='lat' dir='ltr'><strong>requiritur.</strong></span> <span class='ocrx_word' id='word_1_274' title='bbox 159 2307 265 2350; x_wconf 73' lang='lat' dir='ltr'><strong>Homo*</strong></span> <span class='ocrx_word' id='word_1_275' title='bbox 248 2323 301 2351; x_wconf 81' lang='lat' dir='ltr'><strong>sine</strong></span> <span class='ocrx_word' id='word_1_276' title='bbox 310 2309 377 2365; x_wconf 84' lang='lat' dir='ltr'><strong>gratia</strong></span> <span class='ocrx_word' id='word_1_277' title='bbox 393 2307 446 2350; x_wconf 87' lang='lat' dir='ltr'><strong>nihil</strong></span> <span class='ocrx_word' id='word_1_278' title='bbox 463 2306 526 2351; x_wconf 81' lang='lat' dir='ltr'><strong>valet.</strong></span> 
     </span>
    </p>

    <p class='ocr_par' dir='ltr' id='par_1_9' title="bbox 5 2355 927 2770">
     <span class='ocr_line' id='line_1_29' title="bbox 70 2355 925 2443; baseline -0.005 -13"><span class='ocrx_word' id='word_1_279' title='bbox 70 2384 126 2442; x_wconf 63' lang='lat' dir='ltr'><strong>„Es</strong></span> <span class='ocrx_word' id='word_1_280' title='bbox 142 2386 184 2443; x_wconf 73' lang='lat' dir='ltr'><strong>qud</strong></span> <span class='ocrx_word' id='word_1_281' title='bbox 197 2403 236 2431; x_wconf 90' lang='lat' dir='ltr'><strong>nos</strong></span> <span class='ocrx_word' id='word_1_282' title='bbox 252 2388 397 2433; x_wconf 86' lang='lat' dir='ltr'><strong>misericordia</strong></span> <span class='ocrx_word' id='word_1_283' title='bbox 413 2390 440 2432; x_wconf 90' lang='lat' dir='ltr'><strong>ad</strong></span> <span class='ocrx_word' id='word_1_284' title='bbox 454 2383 509 2431; x_wconf 83' lang='lat' dir='ltr'><strong>bene</strong></span> <span class='ocrx_word' id='word_1_285' title='bbox 522 2385 638 2431; x_wconf 85' lang='lat' dir='ltr'><strong>vivendum</strong></span> <span class='ocrx_word' id='word_1_286' title='bbox 654 2384 771 2442; x_wconf 87' lang='lat' dir='ltr'><strong>praevenit,</strong></span> <span class='ocrx_word' id='word_1_287' title='bbox 788 2355 853 2427; x_wconf 87' lang='lat' dir='ltr'><strong>etiam</strong></span> <span class='ocrx_word' id='word_1_288' title='bbox 870 2381 925 2426; x_wconf 83' lang='lat' dir='ltr'><strong>sub·</strong></span> 
     </span>
     <span class='ocr_line' id='line_1_30' title="bbox 8 2463 926 2529; baseline -0.01 -15"><span class='ocrx_word' id='word_1_289' title='bbox 8 2475 113 2529; x_wconf 83' lang='lat' dir='ltr'><strong>sequente</strong></span> <span class='ocrx_word' id='word_1_290' title='bbox 128 2469 226 2513; x_wconf 85' lang='lat' dir='ltr'><strong>custodit</strong></span> <span class='ocrx_word' id='word_1_291' title='bbox 254 2470 300 2512; x_wconf 87' lang='lat' dir='ltr'><strong>Nisi</strong></span> <span class='ocrx_word' id='word_1_292' title='bbox 316 2473 373 2512; x_wconf 90' lang='lat' dir='ltr'><strong>enim</strong></span> <span class='ocrx_word' id='word_1_293' title='bbox 390 2470 558 2512; x_wconf 88' lang='lat' dir='ltr'><strong>misericordiam</strong></span> <span class='ocrx_word' id='word_1_294' title='bbox 575 2468 688 2522; x_wconf 83' lang='lat' dir='ltr'><strong>subroget,</strong></span> <span class='ocrx_word' id='word_1_295' title='bbox 708 2465 787 2510; x_wconf 81' lang='lat' dir='ltr'><strong>serrari</strong></span> <span class='ocrx_word' id='word_1_296' title='bbox 806 2477 849 2505; x_wconf 90' lang='lat' dir='ltr'><strong>uon</strong></span> <span class='ocrx_word' id='word_1_297' title='bbox 867 2463 926 2508; x_wconf 84' lang='lat' dir='ltr'><strong>valet</strong></span> 
     </span>
     <span class='ocr_line' id='line_1_31' title="bbox 5 2545 927 2608; baseline -0.008 -15"><span class='ocrx_word' id='word_1_298' title='bbox 5 2551 56 2604; x_wconf 83' lang='lat' dir='ltr'><strong>rita,</strong></span> <span class='ocrx_word' id='word_1_299' title='bbox 72 2565 134 2608; x_wconf 92' lang='lat' dir='ltr'><strong>quam</strong></span> <span class='ocrx_word' id='word_1_300' title='bbox 150 2549 244 2606; x_wconf 85' lang='lat' dir='ltr'><strong>praebet.</strong></span> <span class='ocrx_word' id='word_1_301' title='bbox 275 2550 322 2605; x_wconf 89' lang='lat' dir='ltr'><strong>lpso</strong></span> <span class='ocrx_word' id='word_1_302' title='bbox 341 2547 419 2604; x_wconf 85' lang='lat' dir='ltr'><strong>quippe</strong></span> <span class='ocrx_word' id='word_1_303' title='bbox 437 2550 533 2602; x_wconf 90' lang='lat' dir='ltr'><strong>quotidie</strong></span> <span class='ocrx_word' id='word_1_304' title='bbox 548 2548 655 2590; x_wconf 82' lang='lat' dir='ltr'><strong>lsumeuae</strong></span> <span class='ocrx_word' id='word_1_305' title='bbox 672 2547 784 2596; x_wconf 64' lang='lat' dir='ltr'><strong>vitea,2usu</strong></span> <span class='ocrx_word' id='word_1_306' title='bbox 805 2545 927 2588; x_wconf 79' lang='lat' dir='ltr'><strong>veterasci-</strong></span> 
     </span>
     <span class='ocr_line' id='line_1_32' title="bbox 5 2625 926 2685; baseline -0.004 -14"><span class='ocrx_word' id='word_1_307' title='bbox 5 2643 64 2683; x_wconf 89' lang='lat' dir='ltr'><strong>mus,</strong></span> <span class='ocrx_word' id='word_1_308' title='bbox 85 2639 108 2675; x_wconf 87' lang='lat' dir='ltr'><strong>et</strong></span> <span class='ocrx_word' id='word_1_309' title='bbox 124 2631 235 2675; x_wconf 86' lang='lat' dir='ltr'><strong>exterioris</strong></span> <span class='ocrx_word' id='word_1_310' title='bbox 254 2630 346 2675; x_wconf 87' lang='lat' dir='ltr'><strong>hominis</strong></span> <span class='ocrx_word' id='word_1_311' title='bbox 367 2628 475 2684; x_wconf 77' lang='lat' dir='ltr'><strong>impulsu,¹</strong></span> <span class='ocrx_word' id='word_1_312' title='bbox 496 2629 622 2685; x_wconf 85' lang='lat' dir='ltr'><strong>cogitatione</strong></span> <span class='ocrx_word' id='word_1_313' title='bbox 639 2625 765 2667; x_wconf 67' lang='lat' dir='ltr'><strong>trieries-ab</strong></span> <span class='ocrx_word' id='word_1_314' title='bbox 783 2625 926 2668; x_wconf 86' lang='lat' dir='ltr'><strong>interioribus</strong></span> 
     </span>
     <span class='ocr_line' id='line_1_33' title="bbox 5 2707 924 2770; baseline -0.005 -17"><span class='ocrx_word' id='word_1_315' title='bbox 5 2712 94 2765; x_wconf 82' lang='lat' dir='ltr'><strong>eximus.</strong></span> <span class='ocrx_word' id='word_1_316' title='bbox 123 2714 152 2757; x_wconf 84' lang='lat' dir='ltr'><strong>Et</strong></span> <span class='ocrx_word' id='word_1_317' title='bbox 168 2713 208 2755; x_wconf 90' lang='lat' dir='ltr'><strong>nisi</strong></span> <span class='ocrx_word' id='word_1_318' title='bbox 222 2726 260 2755; x_wconf 92' lang='lat' dir='ltr'><strong>nos</strong></span> <span class='ocrx_word' id='word_1_319' title='bbox 276 2724 368 2770; x_wconf 87' lang='lat' dir='ltr'><strong>superna</strong></span> <span class='ocrx_word' id='word_1_320' title='bbox 383 2709 473 2754; x_wconf 86' lang='lat' dir='ltr'><strong>visitatio</strong></span> <span class='ocrx_word' id='word_1_321' title='bbox 493 2711 526 2755; x_wconf 81' lang='lat' dir='ltr'><strong>vel</strong></span> <span class='ocrx_word' id='word_1_322' title='bbox 544 2710 571 2751; x_wconf 87' lang='lat' dir='ltr'><strong>ad</strong></span> <span class='ocrx_word' id='word_1_323' title='bbox 590 2720 686 2749; x_wconf 83' lang='lat' dir='ltr'><strong>umorem</strong></span> <span class='ocrx_word' id='word_1_324' title='bbox 703 2708 872 2765; x_wconf 89' lang='lat' dir='ltr'><strong>compungendo</strong></span> <span class='ocrx_word' id='word_1_325' title='bbox 890 2707 924 2751; x_wconf 88' lang='lat' dir='ltr'><strong>vi-</strong></span> 
     </span>
    </p>
   </div>
   <div class='ocr_carea' id='block_1_5' title="bbox 580 2788 601 2831">
    <p class='ocr_par' dir='ltr' id='par_1_10' title="bbox 580 2788 601 2831">
     <span class='ocr_line' id='line_1_34' title="bbox 580 2788 601 2831; baseline 0 0"><span class='ocrx_word' id='word_1_326' title='bbox 580 2788 601 2831; x_wconf 91' lang='grc' dir='ltr'>Ο</span> 
     </span>
    </p>
   </div>
   <div class='ocr_carea' id='block_1_6' title="bbox 0 0 1004 2998">
    <p class='ocr_par' dir='ltr' id='par_1_11' title="bbox 0 0 1004 2998">
     <span class='ocr_line' id='line_1_35' title="bbox 0 0 1004 2998; baseline 0 4"><span class='ocrx_word' id='word_1_327' title='bbox 0 0 1004 2998; x_wconf 95' lang='lat' dir='ltr'><strong> </strong></span> 
     </span>
    </p>
   </div>
  </div>
 </body>
</html>
