1999 2998
493 11 531 54 ,6,

446 67 578 84 ’νυν-Ν.

46 131 97 175 luce
111 131 274 194 subtrahuntur,
296 129 402 187 quemad
418 127 549 188 proferenda
566 129 623 172 bona
639 128 725 174 malove
739 129 817 173 merita
837 128 920 177 activae
940 130 975 175 vi-

48 220 85 256 tae
97 214 237 270 perveniant,
268 213 331 267 Quos
342 214 391 269 q'uiu
407 227 419 255 a
435 211 498 269 culpa
515 211 977 268 originis.:sacramentaasalutistron‘lihe-

48 302 108 348 rant,
130 301 151 337 et
168 293 203 335 liic
223 308 251 335 ex
270 296 359 351 proprio
376 294 429 338 nihil
443 300 548 350 egerunt,
568 292 701 336 etrillucatl
717 298 825 336 tormenta
836 293 981 350 perveniuntt

49 374 135 429 Quibus
151 388 217 417 unuin
236 374 315 417 vulnus
330 384 372 430 est,
397 375 568 433 corruptibiliter
583 375 656 433 nasci;
679 375 751 429 aliud,
772 375 981 417 carnaliter,emori.³

10 515 11 518 Ἴ
48 456 94 499 Sed
112 456 162 512 quia
177 462 224 512 post
241 464 334 499 mortem
349 471 433 515 quoque
449 463 538 500 aeterna
555 471 613 500 mors
629 459 738 513 sequitur,
760 455 845 499 occulto
861 456 892 497 eis
905 456 982 510 justo-¹

49 553 93 596 que
114 539 193 594 jndicio
213 539 279 580 ctiam
303 540 349 581 sine
369 553 431 582 causa
456 540 546 584 vulnera
568 538 762 595 multiplicarrtur.“
797 535 928 595 (Gregorius
951 535 983 577 ad,

50 620 117 664 rerba
134 619 176 661 loci
192 620 349 676 interpretandi
363 620 409 662 lob.
426 633 448 675 9,
466 633 501 676 17.
517 619 610 682 alludit.)
643 621 766 676 „Perpetua
779 620 860 675 quippe
871 622 979 661 tormenta

50 701 174 758 percipiunt
190 708 212 744 et
229 702 335 760 qui-nihil
352 715 379 743 ex
396 702 482 757 propria
501 703 612 747 voluntate
630 706 781 759 peccaverunt.
810 698 870 741 Hinc
883 710 983 753 namque:

50 782 155 839 scriptum
172 789 215 826 est:
242 783 291 826 Nou
307 789 339 825 est
355 783 448 826 mundus
464 784 486 826 in
504 791 621 841 conspectu
638 785 695 840 ejus,
714 786 754 824 nec
770 780 833 823 unius
850 779 893 820 diei
909 776 985 820 infans

50 876 118 917 super
139 869 228 905 terram.
267 862 326 905 Hinc
347 877 387 920 per
402 866 540 922 semetipsam
556 866 643 910 Veritas
662 865 725 908 dicit:
759 862 805 905 Nisi
826 860 985 915 quisrenatus:

50 941 119 984 fuerit
141 956 169 983 ex
192 957 248 999 aqua
273 951 296 987 et
318 945 395 1001 spiritu
415 953 490 989 sancto
509 961 552 989 nou
575 951 647 1002 potest
667 943 758 985 introire
778 942 801 984 in
819 939 981 993 regnumDei·

50 1021 109 1063 Hinc
127 1022 207 1065 Paulus
224 1023 265 1066 ait:
292 1024 385 1067 Eramus
400 1025 477 1069 natura
494 1027 532 1069 filii
548 1027 605 1078 irae,
627 1025 684 1067 siout
703 1030 725 1065 et
741 1020 815 1064 ceteri.
845 1019 891 1075 Qui
908 1019 982 1073 itaque

55 1090 138 1145 nullum
153 1104 265 1159 proprium
282 1105 414 1160 adjungens,
439 1121 467 1164 ert
482 1107 637 1162 solo‘originis
648 1112 710 1148 reatu
724 1104 850 1160 perimitur3
876 1099 928 1155 quid
943 1099 983 1139 iste

53 1182 76 1224 in
94 1182 130 1224 illo
144 1190 242 1226 extremo
257 1187 364 1238 examine,
375 1203 498 1244 quanquam
509 1190 542 1231 ‘ad
557 1186 647 1229 humani
657 1199 732 1227 sensus
745 1184 923 1230 aestimationem,
942 1178 983 1220 nisi

53 1264 100 1304 sine
117 1277 180 1305 causa
197 1263 339 1308 vulneratur?
371 1269 414 1310 Sed
429 1261 501 1310 tamen
515 1268 554 1309 sub
569 1268 641 1311 divina
658 1267 790 1308 districtione
805 1265 884 1317 justum
903 1268 942 1318 est,
960 1266 988 1302 ut

52 1355 149 1398 propago
164 1346 272 1397 mortalis,
293 1345 353 1388 velut
368 1345 502 1390 infructuosa
518 1348 593 1400 arbor,
616 1347 675 1390 etin
691 1347 757 1388 ramis
770 1350 841 1389 servet
855 1338 984 1385 antaritudi-

53 1438 104 1465 rrem
126 1438 190 1480 quam
212 1426 278 1468 traxit
301 1438 329 1466 ex
350 1426 445 1468 radice.“
479 1428 535 1470 Mor.
553 1428 590 1470 lX.
608 1429 644 1470 52.
679 1426 784 1481 „Salutio
806 1424 870 1468 undo
887 1439 906 1480 ‚a
920 1423 986 1477 culpa:

53 1506 117 1561 primi
135 1508 230 1561 parentis
247 1505 389 1559 absolvimur,
411 1509 449 1548 scd
467 1515 539 1550 tamen
555 1516 639 1551 reatum
658 1508 762 1563 ejusdern'
775 1506 851 1562 culpae
870 1504 986 1553 diluentes,-

56 1586 149 1628 absoluti
166 1599 253 1640 quoque
269 1584 340 1625 adhue
356 1587 471 1629 carnaliter
486 1588 592 1630 cbimns.“
625 1590 661 1630 54.
693 1589 804 1628 Justomm
823 1586 900 1629 veteris
916 1589 984 1626 testa-

55 1666 123 1707 menti
140 1665 214 1716 animi,
230 1667 354 1720 priusquam
372 1665 472 1708 Christus
488 1669 515 1708 ad
532 1667 613 1708 inferos
628 1667 784 1716 descendisset,
801 1667 890 1720 propter
904 1677 984 1719 peeca-

54 1754 101 1789 tum
120 1744 230 1799 originale,
248 1743 356 1799 Gregorio
374 1753 470 1798 auctore,
488 1748 510 1787 in
528 1743 609 1787 inferni
624 1745 683 1797 loeis,
702 1747 799 1801 quamvis
814 1746 860 1786 sine
875 1752 984 1788 tormento

56 1826 251 1871 commorabantur.
284 1824 346 1866 Haec
361 1828 481 1880 sententia,
501 1841 557 1883 quae
574 1841 585 1868 u
600 1826 708 1882 Gregorio
725 1827 829 1882 originem
846 1827 933 1868 duxisse
950 1828 985 1868 vi-

59 1910 136 1959 detur,
160 1907 186 1948 ab
204 1920 229 1947 eo
244 1906 277 1946 liis
295 1905 366 1948 verbis
383 1909 517 1963 proponitur.
548 1908 649 1959 „Priores
664 1909 732 1950 saneti
747 1931 777 1937 -
793 1907 819 1949 ab
836 1904 915 1948 interni
932 1907 985 1951 locis

56 1986 146 2028 liberari
160 1999 203 2027 nou
221 1990 342 2041 potuerant,
358 1988 408 2041 quia
423 1989 515 2028 necdum
526 1994 621 2039 verterat,
637 1990 676 2041 qui'
688 1988 740 2028 illuc
753 1988 800 2028 sine
815 1987 985 2043 culpa-deseen-

58 2068 132 2119 deret,
154 2075 178 2109 ut
192 2082 239 2119 eos,
261 2067 297 2122 qui
314 2066 345 2107 ibi
360 2066 505 2119 tenebantur,⁴
526 2080 554 2108 ex
569 2067 633 2123 eulpa
649 2066 757 2110 liberaret.
791 2068 815 2108 In
831 2067 882 2123 ipsis
899 2082 985 2124 quoque

57 2146 139 2191 inferni
154 2148 205 2190 locis
220 2149 326 2202 justorum
340 2148 424 2189 atrimae
439 2148 488 2190 sine
502 2152 612 2189 tormento
629 2148 765 2201 tenebantur,
781 2155 841 2191 utet
855 2162 899 2204 pro
913 2151 985 2206 origi·

57 2231 108 2273 atati
120 2231 190 2286 eulpa
206 2229 277 2271 adhuc
293 2229 345 2271 illuc
364 2229 519 2281 descenderet,
544 2236 658 2275 ettamen
679 2245 706 2272 ex
725 2230 817 2285 propriis
834 2229 916 2271 actibus
931 2243 985 2286 sup-

57 2313 148 2368 plicium
164 2323 208 2351 non
226 2311 353 2353 liubcrent.“
371 2311 427 2351 Xlll.
441 2311 477 2363 49.
507 2307 628 2350 CoulsXll.
640 2311 674 2349 15.
708 2311 738 2353 Ut
755 2318 905 2368 argumentum
919 2311 986 2352 bibli-

59 2407 109 2434 cum
125 2390 221 2441 all‘erret,
237 2389 361 2443 exemplum
378 2389 454 2430 Lazari
470 2394 491 2430 et
507 2388 578 2460 divitis
594 2388 634 2432 viri
650 2389 680 2431 ibi
695 2393 779 2435 excitat.
810 2392 853 2434 Hic
868 2391 929 2432 illum
942 2403 985 2432 non

60 2479 185 2529 aspecturus
203 2467 287 2522 luisset,
304 2469 344 2511 nisi
359 2482 402 2510 uuo
418 2469 539 2525 eodemque
551 2470 600 2518 lcoo
616 2485 665 2514 cum
682 2486 708 2515 eo
723 2479 870 2516 commoratus
885 2474 985 2512 esset·-

64 2550 217 2604 ‚,Desceudeus
233 2552 261 2594 ed
279 2548 363 2596 inferos
381 2550 450 2607 (lesus
468 2548 587 2610 Christus),
609 2551 666 2594 solos
686 2551 732 2594 illos
754 2564 795 2608 per
813 2564 875 2595 suem
894 2553 985 2608 gratiam
