1999 2998
407 80 535 146 Aa..

13 194 66 240 bore
79 203 196 255 reparatur,
216 202 324 241 ettamen
343 207 441 256 reparata
457 200 480 242 in
495 199 560 242 dubio
573 210 661 256 semper
679 205 722 243 est:
740 197 791 256 quid
808 196 851 240 hoc
868 199 930 253 allud,

14 294 75 336 quam
90 282 186 324 mortalis
201 280 258 324 vitae
274 280 359 322 miseria
376 279 437 324 cst?“
466 282 505 326 XI.
521 281 555 324 66.
576 282 671 334 „Natura
687 281 785 324 humana
804 281 863 323 bene
880 294 932 323 con-

13 361 126 416 dita,'sed
144 363 170 405 ad
186 360 330 404 infirmitatem
348 363 400 405 vitiu
417 363 517 417 propriae
533 362 646 405 voluntatis
663 363 722 420 lapsa
741 365 764 407 in
786 364 931 406 calamitatem

5 442 99 500 'cecidit5
131 445 281 501 quiaprcssu
298 442 422 483 innumeris
437 440 623 497 necessitatibus,
648 444 699 486 nihil
716 447 739 488 in
753 447 793 489 hac
810 447 866 499 vita,
891 443 930 486 nisi

13 527 69 569 unde
86 524 233 581 affligeretur,
252 522 338 564 invenit.
358 543 389 554 ·-·
419 522 479 577 Quas
496 522 632 565 necessitates
650 526 750 581 cupiebat
766 528 871 578 evadere,
894 524 931 583 qui

13 608 103 650 docebat
122 605 209 660 (Psalm.
232 605 273 655 25,
296 600 342 663 17):
374 604 408 646 De
425 603 588 647 necessitatibus
611 605 663 646 meis
684 608 743 663 cripe
764 623 805 651 mc.
843 607 930 650 Sciebat

13 689 68 730 enim
86 686 214 744 plerumque
234 683 367 740 voluptatum
382 680 456 740 'culpas
477 699 506 726 ex
523 684 673 729 necessitatum
695 690 804 732 occasione
825 700 930 745 prorum-

11 782 72 826 pere:
93 776 117 813 et
133 764 226 822 nequid
243 770 318 829 sponte
332 764 430 807 illicitum
446 765 579 819 admitteret,
603 766 645 810 hoc
658 768 728 824 ipsum
745 770 852 829 satagebat
866 767 929 815 evelli

12 851 68 906 quod
85 850 164 891 rualene
180 859 208 889 ex
225 845 305 887 radice
322 843 458 886 tolerabat.“
474 846 524 888 XX.
539 848 575 889 28.

69 927 183 972 Molestiae
198 927 292 982 denique
306 924 374 981 ipsae,
390 923 466 981 quibus
481 912 608 983 corpushic
625 930 737 985 premitur,
752 933 845 991 corporis
859 934 928 976 cadu-

12 1011 69 1063 citas,
85 1016 156 1052 aestus
174 1016 194 1052 et
208 1007 284 1064 frigus,
298 1004 368 1049 fames
385 1013 407 1050 et
424 1007 477 1060 sitis,
492 1006 610 1062 infirmitas,
627 1011 726 1055 valetudo
740 1015 834 1067 adversa,
853 1022 875 1056 et
891 1014 927 1055 inu

10 1090 153 1135 numerabiles
171 1091 225 1134 vitae
240 1089 344 1143 miseriae,
360 1088 467 1145 Gregorio
485 1095 578 1143 auctore,
604 1092 688 1149 elapsu
704 1093 782 1137 Adami
799 1094 929 1145 redundant,

10 1179 73 1229 atque
89 1172 144 1213 adeo
161 1170 246 1226 flagella
261 1177 283 1213 et
298 1171 402 1227 supplicia
417 1156 482 1226 inimi
501 1172 581 1228 peccati
599 1176 730 1216 autumantia
745 1182 800 1217 sunt.

70 1254 116 1307 „Ut
132 1260 240 1296 taceamus
254 1252 301 1304 hoc,
318 1252 377 1307 quod
392 1251 476 1293 dolores
490 1252 567 1296 tolerat
582 1251 685 1309 (corpus),
702 1256 762 1310 quod
778 1252 876 1296 febribus
890 1265 929 1295 an-

10 1334 78 1389 ltelalq
108 1348 147 1376 sue
164 1333 258 1391 quadani
279 1332 413 1388 aegritudine
434 1334 587 1390 constringitur
609 1335 654 1390 ipsa
671 1335 726 1377 llaec
745 1336 810 1378 nostri
833 1335 928 1391 corporis

10 1429 64 1471 quae
78 1415 136 1458 salus
152 1421 247 1460 vocetur.
278 1414 332 1457 Nam
350 1413 395 1456 otio
411 1413 511 1468 tabescit,
535 1428 602 1472 opere
618 1414 698 1471 deficit,
732 1417 801 1459 inedia
817 1416 927 1468 deficiens,

10 1495 57 1537 cibo
71 1496 203 1540 reficitnrut
216 1495 326 1538 subsistat:
354 1493 473 1537 refectione
491 1496 616 1548 lassescens,
638 1496 766 1541 abstineant
779 1498 888 1542 relevatur
904 1503 928 1539 ut
990 1529 994 1534 .

10 1577 90 1631 vigeat:
108 1575 163 1634 aquit
179 1575 323 1634 perfunditur,
339 1590 368 1618 ne
384 1582 474 1618 arescat:
488 1576 558 1619 linteis
574 1578 673 1631 tergitur,
688 1592 717 1619 ne
735 1579 782 1635 ipsa
796 1578 862 1620 nimis
876 1590 929 1634 pct-

8 1654 91 1699 fusione
109 1648 214 1714 liquefiat:
236 1657 310 1701 labore
325 1663 448 1713 vegetatur,
469 1671 498 1699 ne
513 1657 586 1712 quiete
603 1663 696 1713 torpeat:
722 1659 795 1715 quiete
810 1657 928 1711 refovetur,

7 1752 35 1780 ne
52 1737 131 1780 laboris
145 1740 299 1781 exercitatione
320 1738 454 1781 succumbat:
487 1736 575 1793 fatigata
593 1737 679 1792 vigiliis,
707 1753 785 1781 somno
803 1746 926 1796 reparatur:

7 1832 107 1875 oppressa
128 1833 208 1872 somno,
222 1819 298 1874 vigiliis
313 1819 427 1871 excutitur,
446 1831 474 1859 ne
488 1832 526 1859 sue
542 1818 603 1874 pejus
621 1820 691 1874 quiete
707 1819 807 1861 lassetur:
830 1819 925 1862 vestibus

8 1902 93 1956 tegitur,
108 1914 136 1942 ne
149 1898 234 1956 frigoris
251 1899 379 1944 adversitate
395 1905 530 1954 penctretur:
552 1900 649 1954 quaesito
665 1884 737 1942 calore
752 1898 865 1953 deficiens,
885 1915 925 1942 au-

7 1996 78 2024 rarum
98 1982 151 2025 flatu
169 1980 285 2025 refovetur.
318 1982 435 2036 Quumque
455 1980 507 2022 inde
528 1980 637 2022 molestias
656 1980 750 2033 invenit,
780 1981 925 2024 undevitare

8 2060 117 2105 inolestias
129 2063 243 2119 quaesivit,
265 2063 319 2105 male
333 2062 438 2114 sauciata,
455 2070 481 2106 ut
497 2063 526 2106 ita
541 2062 646 2115 dixerim,
665 2062 692 2104 de
709 2062 757 2119 ipso
773 2076 811 2104 suo
829 2064 924 2106 medica-

7 2144 63 2186 mine
76 2143 200 2199 langucscit.
231 2144 330 2186 Remotis
346 2157 398 2199 ergo
416 2142 524 2197 febribus,
542 2141 715 2198 cessantibusque
732 2143 852 2196 doloribus,
876 2144 922 2199 ipsa

7 2230 77 2267 nostra
93 2223 276 2279 salus'aegritudo
292 2230 334 2277 cst,
356 2224 392 2264 cui
409 2224 498 2265 curandi
514 2223 629 2270 necessitas
643 2236 752 2278 nunquam
768 2224 834 2266 deest.
863 2225 922 2279 Quot

7 2305 62 2347 enim
78 2304 154 2347 solatia
172 2305 199 2347 ad
216 2304 303 2347 vivendi
321 2318 385 2346 usum
403 2302 536 2360 quaerimus,
557 2302 617 2357 quasi
637 2308 668 2344 tat
690 2309 776 2346 nostrae
791 2305 921 2360 aegritudini

6 2385 165 2428 medicamentis
181 2384 297 2429 obviamus.
325 2386 370 2428 Sed
386 2386 454 2441 ipsum
472 2396 557 2440 quoque
572 2382 706 2426 medicamen
724 2386 747 2427 in
762 2384 836 2429 vulnus
853 2387 923 2430 verti-

6 2475 50 2510 tur:
65 2465 114 2523 quia
130 2467 236 2521 exquisito
250 2449 352 2506 remedio
363 2466 427 2520 paulo
442 2466 523 2508 diutius
536 2464 678 2517 inhaerentes,
696 2478 724 2508 cx
739 2480 764 2508 eo
778 2468 864 2522 gravius
880 2469 922 2512 de·-

6 2547 100 2604 srcimus,
125 2546 181 2602 quod
198 2545 287 2602 provide
306 2546 334 2588 ad
355 2543 499 2588 refectionem
517 2558 624 2602 paramus·
659 2544 697 2588 Sto
718 2547 822 2590 nimirem
844 2550 923 2596 debuit

1 2628 262 2686 praesentiscerent,
294 2628 327 2671 sie
347 2624 454 2684 superbia
476 2629 552 2672 sterni.
587 2625 648 2687 Quid
665 2627 724 2670 enim
746 2629 832 2674 elatam
852 2635 923 2678 semel
