1999 2998
408 51 515 96 ‘23

11 159 14 167 ¹
31 186 112 218 nomen
122 168 220 218 oblatum
236 179 276 218 est.
307 173 355 231 ¹Sed
370 173 441 217 nullus
458 184 562 234 umquam
577 172 716 225 decessorum
735 184 836 216 meorum
854 169 897 214 hoc
912 179 956 216 tam

29 254 122 314 profano
137 258 242 302 vocabulo
260 256 291 301 u'ti
306 257 436 310 consensit.“
506 265 508 293 ἒ
560 258 562 260 ’

20 329 22 332 ’
57 378 58 381 ,
92 339 278 398 Qrtarcaataoaa
293 340 367 384 estin
388 340 437 383 libri
453 339 511 383 Vlll.¹
532 338 593 395 epist.
607 337 644 381 50.
665 337 736 381 eidem
754 335 850 394 Eulogio
864 336 957 393 ¹scripta.

30 417 73 477 „ni
87 421 173 477 quidem
189 421 212 463 in
227 427 301 464 sancta
313 415 485 462 chalcedonensi
499 419 589 475 synodo,
598 423 669 475 atque
682 426 729 475 post
745 434 757 462 a
772 417 958 477 subsequentibus

29 501 205 561 patribus.boc“
222 499 318 558 ¹(nomen
340 500 467 544 universalis
487 498 566 559 papae)
590 500 750 554 „decessoribus
777 502 832 559 mei-s
856 500 956 544 oblatum

29 592 99 630 vestra
115 575 216 626 sanctitas
232 584 299 628 novit.
330 584 374 626 Sed
393 576 467 627 tamen
486 581 559 626 nullus
575 595 651 624 eornm
667 582 698 625 uti
714 582 756 624 hoc
770 595 875 639 nmquam
889 594 956 623 voca-

29 666 80 710 bulo
103 663 181 720 voluit5
215 670 240 707 ut
264 665 317 706 dum
343 664 366 707 in
392 664 434 708 hoc
455 665 538 708 mundo
557 649 664 707 lionorem
684 665 818 709 sacerdotnm
839 661 958 720 diligerent

28 747 133 800 omnium,
146 745 205 803 apud
221 747 391 803 omnipotentem
408 747 481 789 Deum
495 744 628 788 custodirent
642 745 728 788 suunr.“

90 827 141 869 Hoc
155 826 204 868 loco
218 826 339 883 Gregorius
353 826 376 868 in
392 826 510 871 verborum
526 826 613 869 delectu
630 832 663 870 est
679 826 803 868 accuratior.
833 828 882 871 Non
894 827 955 870 enim

21 905 136 960 affirmat,
149 907 244 950 titulum
260 908 321 952 illurn
337 891 385 967 per·
403 907 584 951 chalcedonense
603 902 717 951 concilium
736 910 835 951 Romano
857 908 954 965 pontifici

29 989 126 1032 oblatum
143 1002 198 1042 esse,-
212 989 251 1032 sed
267 990 290 1032 in
303 990 476 1034 chalcedonensi
494 989 584 1046 synodo.
618 990 644 1033 ld
662 1004 752 1035 revera
769 989 851 1034 factum
868 998 907 1033 est.
922 1011 954 1022 -

28 1064 139 1125 Ceterum,
155 1078 179 1114 ut
195 1071 315 1128 Gregorius
330 1057 343 1124 a
359 1073 450 1117 crimine
465 1072 612 1128 indiligentius
625 1074 646 1115 in
665 1074 789 1129 enarrandis
802 1073 869 1115 rebus
884 1071 956 1112 bisto-

27 1155 77 1199 ricis
92 1153 227 1208 liberaretur,
243 1167 287 1197 non
301 1152 426 1210 defuerunt,
442 1157 478 1212 qui
490 1170 537 1212 por
548 1154 746 1198 chalcedonensem
761 1136 870 1211 synodum
884 1153 956 1194 inter-

28 1241 177 1293 pretarentur,
196 1236 297 1280 durante
312 1236 587 1292 Chalcedonensisynodo.
622 1238 728 1292 Quamvis
743 1243 816 1280 autem
831 1234 956 1287 conceden-

28 1317 135 1369 dum.sit,·
153 1330 229 1360 vccern
240 1331 288 1374 par
302 1299 345 1360 boc
356 1327 428 1361 'sensu'
437 1318 536 1379 adbiberi
550 1321 754 1376 prosse,·id,tamen
767 1318 842 1376 liquet,
867 1315 956 1370 Grego-

27 1400 84 1441 rium
100 1405 144 1442 tam
166 1398 269 1456 ambigue
289 1400 415 1457 loquentem
435 1402 458 1444 in
474 1400 590 1446 verberum
607 1401 693 1445 delectu
707 1414 752 1444 non
768 1399 954 1446 accuratissimum

27 1478 100 1523 tuisse.
788 1487 789 1490 ’

466 1600 484 1661 a.
501 1608 523 1652 a.

86 1701 117 1745 Ut
138 1702 189 1746 illuc
209 1711 346 1763 revertamur
364 1707 424 1751 unde
444 1706 534 1763 digressi
548 1719 633 1769 sumus,
656 1705 750 1749 loannes
764 1706 877 1764 episcopus.
893 1704 954 1745 (lonu

27 1784 226 1844 etantinopolitanus
241 1786 323 1843 majora
337 1788 497 1846 concupiscens,
520 1793 542 1830 et
557 1785 712 1839 humilitatem,
736 1801 793 1843 quae
811 1775 953 1838 christianum

27 1866 112 1930 decet„
127 1866 224 1927 moribus,
246 1881 272 1909 ac
292 1867 335 1911 vita
355 1868 415 1923 nullo
442 1868 507 1910 modo
527 1845 661 1924 exprimens,
686 1866 775 1909 titulum
797 1864 952 1923 patriarchae

27 1947 164 1991 oecumenici
183 1961 260 2003 magna
283 1950 400 2013 cupiditate
417 1948 573 2006 aucupabatur.
608 1948 639 1990 Ut
659 1949 680 1990 ei
696 1947 829 1991 tribueretur
845 1947 889 2004 jam
907 1947 955 1996 Pe,

26 2029 77 2084 lagii
93 2030 126 2084 ll.,
142 2029 244 2087 Gregorii
261 2031 409 2084 antecessoris,
422 2032 557 2088 temporibus
573 2046 586 2073 a
601 2032 685 2087 synodo
700 2030 766 2074 totins
783 2030 880 2074 Orientis
893 2028 953 2072 Con-

24 2109 161 2164 stantinopoli
179 2126 198 2152 a.
212 2114 264 2165 587.
279 2112 354 2155 habita
368 2113 486 2169 impetrare
502 2120 590 2156 conatus
606 2119 658 2155 erat.
689 2094 789 2168 Pelagius
802 2119 881 2164 autem,
897 2116 952 2152 teste

26 2190 134 2247 Gregorio
147 2189 185 2232 lib.
204 2189 230 2232 V.
247 2192 308 2247 epist.
330 2195 367 2235 45.
388 2200 411 2235 et
431 2193 468 2234 lib.
484 2194 522 2235 IX.
540 2207 586 2248 cap.
605 2192 641 2234 68.
663 2193 756 2246 „synodi
776 2199 824 2236 acta
841 2191 950 2243 cassarius

26 2280 48 2316 et
63 2272 264 2327 „archidiaconum²
288 2287 353 2331 quem
370 2273 431 2330 juxta
449 2273 574 2316 moremati
591 2273 679 2328 uestigia
698 2274 834 2317 dominorum
847 2275 951 2317 transmi-

24 2355 97 2400 serat“
118 2353 140 2411 (i.
154 2367 173 2395 e.
196 2355 359 2412 apocrisiarium
377 2354 423 2400 sire
440 2355 594 2415 responsalem)
612 2357 739 2410 „missarum
754 2358 896 2400 cumvloanne
911 2371 951 2399 so-

23 2437 103 2482 lemnia
119 2432 230 2477 celebrare
244 2434 376 2489 prohibuit.“
405 2431 456 2480 Lib.
472 2436 499 2483 V.
515 2437 577 2496 epist.
594 2441 629 2481 18.
645 2453 647 2456 ’
660 2440 704 2483 Sed
719 2438 816 2492 loannes,
832 2437 867 2478 cui
881 2437 952 2481 lilan-

23 2519 90 2562 ricius
105 2515 212 2573 Augustus
231 2511 331 2582 favebat,
358 2518 499 2573 aproposito
522 2532 566 2563 non
587 2520 679 2575 destitit,
703 2532 773 2581 deque
793 2519 821 2562 ad
840 2513 951 2565 saniorem

23 2609 119 2645 mentem
133 2614 157 2642 se
172 2599 268 2644 revocari
286 2612 360 2656 passus
375 2605 413 2653 est,
429 2585 527 2656 quamvis
543 2602 662 2659 Gregorius
675 2608 746 2645 noster
760 2596 783 2644 et
800 2614 841 2659 per
854 2601 951 2659 legatum

23 2695 87 2727 suum
102 2690 124 2727 et
134 2695 174 2741 per
187 2681 260 2730 literas
274 2694 324 2726 eum
337 2681 467 2739 hortaretur,
482 2688 506 2728 ut
518 2682 545 2727 ab
560 2683 600 2727 lico
614 2681 675 2738 titulo
689 2685 815 2744 usurpando
827 2683 951 2738 abstineret,
