1999 2998
487 68 572 139 .1ov

464 142 591 160 ...t—-.-

67 225 185 276 praecepta
202 215 300 259 refertur.
331 213 400 267 Caput
419 211 453 253 15.
469 210 524 252 haec
541 210 616 253 habet:
632 208 746 265 „Ecclesia
758 233 787 244 -
803 210 831 253 de
845 210 878 254 his
894 212 986 257 laetatur

70 301 108 355 qui
125 299 221 342 conversi
237 293 345 341 asaeculo
362 305 416 348 opus
436 292 559 334 inchoatum
576 292 690 335 valuerunt
703 294 836 349 perducere,
853 293 925 335 divina
939 296 988 349 opi-

69 380 151 422 tulante
165 374 315 425 misericordia,
332 373 360 414 ad
376 371 506 431 effectum.“
521 394 523 398 ·
541 374 634 417 Divinae
646 373 722 429 itaque
732 375 900 418 misericordiae
915 376 988 430 opitu-.

43 464 45 467 ’
69 461 118 501 latio
133 457 167 497 bio
183 469 225 496 non
244 454 270 495 ad
287 455 384 508 initium,
406 456 444 497 sed
459 457 485 497 ad
503 454 612 513 effectum
629 453 680 497 boni
699 455 769 511 operis
788 461 878 511 spectat.
906 454 988 497 ibidem

67 536 263 594 praedestinationis
278 536 378 591 quidem,
401 537 439 579 sed
456 551 498 579 non
515 536 636 588 absolutae,
652 536 733 579 mentio
747 535 778 580 fn.
814 536 876 591 Quae
895 535 989 591 <lenique

68 623 90 662 in
109 620 161 661 libro
179 623 253 666 octavo
271 614 308 673 (de
326 618 393 672 gloria
410 616 573 672 confessorum)
588 630 635 672 cap.
650 629 700 671 ¹⁰9·
717 618 748 659 de
762 620 831 675 gratia
846 616 989 673 disputantur,

69 702 153 743 minime
169 700 277 749 evincunt,
296 699 427 754 Gregorium
445 712 492 740 eam
507 711 571 740 sensu
581 697 743 753 ·Augustiniano
762 701 851 754 cepisse.

129 778 191 820 Haec
208 777 317 821 sufiiciunt
333 781 360 822 ad
376 778 525 836 probandum,
544 793 586 821 non
603 794 678 821 omnes
696 780 810 835 scriptores
829 777 989 830 ecclesiasticos,

67 867 124 902 certe
142 860 243 912 Latinos,
264 862 300 916 qui
316 866 364 916 post
380 859 415 901 illa
432 859 521 901 concilia
535 858 662 911 Gallicana,
677 860 754 915 quibus
770 860 990 916 Semipelagianorum

66 940 163 983 doctrina
179 942 281 984 damnata
297 948 350 995 erat,
367 941 466 998 proxime
481 941 624 996 scripserunt,
647 939 674 981 ub
690 939 829 982 haehaeresi
845 942 932 982 omuino
947 941 990 981 im-

66 1034 143 1063 munes
160 1019 233 1064 fuisse.
269 1022 348 1064 Graeci
364 1028 436 1065 autem
451 1021 566 1076 scriptores
583 1020 747 1082 Pelagianorum
765 1028 787 1064 et
804 1020 990 1076 semipelagiano-

68 1114 117 1143 rum
133 1102 230 1144 haeresin
247 1103 302 1144 sicco
314 1102 369 1158 pede
385 1102 473 1144 omnino
489 1101 626 1153 transierunt,
642 1115 712 1156 neque
729 1103 787 1158 apud
804 1115 841 1145 eos
855 1100 935 1143 mentio
950 1113 990 1142 eo-

69 1195 118 1223 rum
139 1183 210 1239 aliqua
227 1184 326 1225 occurrit.
362 1183 483 1234 Leontius,
505 1182 576 1239 primo
596 1197 709 1224 causarum
731 1190 833 1238 patronus
851 1182 990 1239 Byzantinus,

70 1261 160 1316 deiude,
186 1271 209 1306 ut
226 1265 321 1316 videtur,
348 1264 465 1306 monachus
480 1263 657 1316 palaestinensis,
689 1264 744 1304 cirea
762 1261 826 1304 finem
841 1262 919 1305 saeculi
935 1262 990 1305 sexti

68 1341 166 1384 libellum
185 1345 214 1385 de
233 1347 301 1386 sectis
318 1346 455 1400 conscripsit,
482 1346 519 1400 qui
535 1344 562 1385 ud
578 1350 670 1386 aetatem
687 1351 780 1386 nostram
800 1345 909 1401 pervenit,
932 1345 990 1392 etin

69 1422 178 1465 Gallandii
197 1423 327 1465 bibliotheca
347 1424 388 1465 ΡΡ.
406 1425 433 1466 Τ.
447 1425 494 1467 XII.
511 1440 532 1481 p.
546 1424 590 1466 625
605 1438 664 1480 seqq.
684 1439 732 1466 cum
750 1425 874 1467 Leunclavii
893 1426 991 1467 versione

71 1505 128 1558 typis
146 1505 264 1558 descriptus
281 1511 320 1545 est.
343 1527 372 1537 -
403 1505 427 1547 lu
445 1505 574 1548 bibliotheca
592 1505 633 1547 Pl'.
651 1506 746 1548 Parisino
764 1491 915 1562 T.1V.p.·9r
932 1518 991 1559 seqq.

72 1584 137 1625 modo
156 1584 224 1625 versio
242 1585 319 1627 ertina
336 1585 461 1628 Leunclavii
479 1586 563 1641 legitur.
578 1609 606 1618 -
642 1586 665 1628 ln
681 1588 717 1628 illo
734 1587 806 1628 libello
823 1586 889 1628 multa
905 1586 991 1641 quidem

68 1664 101 1704 cle
115 1665 257 1718 Nestorianis,
280 1665 393 1722 Cajanitis,
418 1666 520 1721 Agnottis
534 1667 624 1723 aliisque
639 1668 703 1709 sectis
721 1673 889 1724 pertractantur,
911 1666 948 1708 sed
964 1666 991 1707 de

70 1743 191 1798 Pelagianis
210 1745 275 1787 altum
294 1746 400 1803 silentium
423 1754 461 1788 est.
497 1748 522 1789 ld
540 1756 611 1789 autem
632 1748 690 1803 haud
716 1748 780 1789 dubie
803 1753 930 1802 argumento
952 1754 991 1798 est,

71 1825 181 1867 eeclesiam
193 1827 326 1869 Orientalem
337 1826 401 1870 etiam
418 1828 454 1869 illo
470 1819 568 1885 tempore
583 1828 764 1885 anthropologieis
780 1827 991 1883 quaestionibusnon

72 1904 163 1945 multum
178 1905 284 1947 tribuisse.

134 1984 174 2027 His
191 1986 220 2027 ita
237 1985 347 2041 disputatis
361 1985 488 2029 accedamus
503 1987 530 2028 ad
546 2001 594 2029 eam
613 2002 667 2040 rem,
683 2001 747 2043 quam
763 2000 853 2028 munere
869 1987 991 2030 academico

70 2066 196 2119 gravissimo
214 2067 391 2108 adscribendum
406 2068 492 2123 impulsi
509 2068 581 2124 paullo
595 2069 725 2120 accuratius,
744 2082 810 2124 >quam
826 2068 896 2110 adhuc
910 2066 991 2112 facturn

70 2154 109 2201 est,
123 2148 296 2203 pertractandam
315 2148 376 2191 nobis
391 2150 511 2190 sumsimus.
585 2130 586 2133 Ἴ

69 2254 70 2258 =
130 2228 191 2270 lnter
205 2232 319 2287 scriptores
335 2230 498 2284 ecclesiasticos,
528 2232 563 2289 qui
581 2237 675 2275 exeunte
693 2229 779 2272 saeculo
801 2233 863 2269 sexto
884 2226 990 2280 vixerunt,

72 2309 163 2361 primum
181 2310 252 2352 locum
270 2318 329 2353 tenet
345 2311 475 2368 Gregorius
487 2314 589 2368 primus,
610 2310 708 2368 pontifex
722 2310 840 2361 Romanus,
858 2309 894 2365 qui
909 2315 990 2352 tentam

74 2385 149 2434 famam
167 2400 277 2435 essecutus
294 2399 332 2444 est,
350 2398 374 2434 ut
389 2405 507 2447 cognomen
523 2390 597 2448 Magni
613 2392 633 2435 ei
648 2391 785 2443 tribueretur,
803 2396 824 2432 et
838 2397 930 2447 quatuor
945 2388 991 2446 pri-

77 2472 144 2513 mariis
156 2474 283 2517 Latinorum
301 2473 425 2516 doctoribus
442 2463 625 2516 adnumeraretur.
657 2473 775 2528 Gregorius
790 2473 847 2514 enim
866 2483 909 2511 non
922 2468 991 2510 solum

78 2547 105 2588 de
124 2561 227 2598 sacrorum
246 2556 413 2598 christianorum
433 2556 533 2598 institutis
552 2556 662 2613 praeclare
682 2557 771 2606 meruit,
799 2561 821 2595 et
841 2549 991 2607 propagandae

47 2648 48 2651 ¹
76 2627 184 2681 religionis
201 2632 323 2678 eluistianae
342 2637 413 2680 studio
433 2637 490 2678 inter
510 2637 620 2693 pontifices
637 2626 731 2677 manime
747 2633 850 2683 eminuit,
873 2632 991 2673 sedetiam

74 2709 143 2751 multa
157 2711 251 2766 scripsit,
271 2730 359 2770 quorum
383 2732 462 2774 inagna
482 2732 531 2776 pars
552 2725 644 2762 aetatem
664 2724 758 2759 nostram
783 2715 837 2757 tulit.
871 2715 894 2756 ln
914 2714 990 2771 placita
