<?xml version="1.0" encoding="UTF-8"?>
<!DOCTYPE html PUBLIC "-//W3C//DTD XHTML 1.0 Transitional//EN"
    "http://www.w3.org/TR/xhtml1/DTD/xhtml1-transitional.dtd">
<html xmlns="http://www.w3.org/1999/xhtml" xml:lang="en" lang="en">
 <head>
  <title>
</title>
<meta http-equiv="Content-Type" content="text/html;charset=utf-8" />
  <meta name='ocr-system' content='tesseract 3.04.00' />
  <meta name='ocr-capabilities' content='ocr_page ocr_carea ocr_par ocr_line ocrx_word'/>
</head>
<body>
  <div class='ocr_page' id='page_1' title='image "MN41459ucmf_8_0023.png"; bbox 0 0 1999 2998; ppageno 0'>
   <div class='ocr_carea' id='block_1_1' title="bbox 485 100 502 142">
    <p class='ocr_par' dir='ltr' id='par_1_1' title="bbox 485 100 502 142">
     <span class='ocr_line' id='line_1_1' title="bbox 485 100 502 142; baseline 0 0"><span class='ocrx_word' id='word_1_1' title='bbox 485 100 502 142; x_wconf 88' lang='grc'><strong>7</strong></span> 
     </span>
    </p>
   </div>
   <div class='ocr_carea' id='block_1_2' title="bbox 433 153 560 164">
    <p class='ocr_par' dir='ltr' id='par_1_2' title="bbox 433 153 560 164">
     <span class='ocr_line' id='line_1_2' title="bbox 433 153 560 164; baseline 0 0"><span class='ocrx_word' id='word_1_2' title='bbox 433 153 560 164; x_wconf 49' lang='grc' dir='ltr'>ι--ι--ῌ</span> 
     </span>
    </p>
   </div>
   <div class='ocr_carea' id='block_1_3' title="bbox 34 213 961 1004">
    <p class='ocr_par' dir='ltr' id='par_1_3' title="bbox 34 213 961 1004">
     <span class='ocr_line' id='line_1_3' title="bbox 34 213 956 278; baseline -0.005 -15"><span class='ocrx_word' id='word_1_3' title='bbox 34 232 120 277; x_wconf 69' lang='lat' dir='ltr'>preces</span> <span class='ocrx_word' id='word_1_4' title='bbox 139 223 229 274; x_wconf 81' lang='lat' dir='ltr'>corma,</span> <span class='ocrx_word' id='word_1_5' title='bbox 261 219 375 263; x_wconf 85' lang='lat' dir='ltr'>osteudens</span> <span class='ocrx_word' id='word_1_6' title='bbox 394 213 452 275; x_wconf 83' lang='lat' dir='ltr'>quod</span> <span class='ocrx_word' id='word_1_7' title='bbox 472 220 510 278; x_wconf 86' lang='lat' dir='ltr'>qui</span> <span class='ocrx_word' id='word_1_8' title='bbox 531 216 633 277; x_wconf 84' lang='lat' dir='ltr'>justitiam</span> <span class='ocrx_word' id='word_1_9' title='bbox 654 230 682 260; x_wconf 82' lang='lat' dir='ltr'>ex</span> <span class='ocrx_word' id='word_1_10' title='bbox 703 216 836 261; x_wconf 84' lang='lat' dir='ltr'>totocorde</span> <span class='ocrx_word' id='word_1_11' title='bbox 857 215 956 258; x_wconf 82' lang='lat' dir='ltr'>dilexerit</span> 
     </span>
     <span class='ocr_line' id='line_1_4' title="bbox 36 292 957 359; baseline -0.01 -14"><span class='ocrx_word' id='word_1_12' title='bbox 36 315 102 359; x_wconf 88' lang='lat' dir='ltr'>quum</span> <span class='ocrx_word' id='word_1_13' title='bbox 121 302 248 359; x_wconf 79' lang='lat' dir='ltr'>deprecatus</span> <span class='ocrx_word' id='word_1_14' title='bbox 265 299 340 356; x_wconf 85' lang='lat' dir='ltr'>fuerit,</span> <span class='ocrx_word' id='word_1_15' title='bbox 362 301 461 344; x_wconf 81' lang='lat' dir='ltr'>audiatur</span> <span class='ocrx_word' id='word_1_16' title='bbox 478 318 491 344; x_wconf 84' lang='lat' dir='ltr'>a</span> <span class='ocrx_word' id='word_1_17' title='bbox 506 298 607 345; x_wconf 88' lang='lat' dir='ltr'>Domino.</span> <span class='ocrx_word' id='word_1_18' title='bbox 637 301 726 344; x_wconf 80' lang='lat' dir='ltr'>Utinam</span> <span class='ocrx_word' id='word_1_19' title='bbox 739 298 838 355; x_wconf 62' lang='lat' dir='ltr'>vquisque</span> <span class='ocrx_word' id='word_1_20' title='bbox 860 292 957 338; x_wconf 83' lang='lat' dir='ltr'>nostrrim</span> 
     </span>
     <span class='ocr_line' id='line_1_5' title="bbox 36 373 958 440; baseline -0.008 -15"><span class='ocrx_word' id='word_1_21' title='bbox 36 397 102 440; x_wconf 86' lang='lat' dir='ltr'>quum</span> <span class='ocrx_word' id='word_1_22' title='bbox 116 383 170 425; x_wconf 85' lang='lat' dir='ltr'>hoec</span> <span class='ocrx_word' id='word_1_23' title='bbox 181 373 373 438; x_wconf 82' lang='lat' dir='ltr'>tebterecoeperit,</span> <span class='ocrx_word' id='word_1_24' title='bbox 386 384 457 425; x_wconf 85' lang='lat' dir='ltr'>statim</span> <span class='ocrx_word' id='word_1_25' title='bbox 473 382 548 439; x_wconf 87' lang='lat' dir='ltr'>spretis</span> <span class='ocrx_word' id='word_1_26' title='bbox 564 382 640 423; x_wconf 90' lang='lat' dir='ltr'>mundi</span> <span class='ocrx_word' id='word_1_27' title='bbox 654 380 766 434; x_wconf 82' lang='lat' dir='ltr'>scandalis,</span> <span class='ocrx_word' id='word_1_28' title='bbox 782 379 888 435; x_wconf 78' lang='lat' dir='ltr'>neglectis</span> <span class='ocrx_word' id='word_1_29' title='bbox 903 390 958 419; x_wconf 88' lang='lat' dir='ltr'>con-</span> 
     </span>
     <span class='ocr_line' id='line_1_6' title="bbox 36 455 958 519; baseline -0.007 -13"><span class='ocrx_word' id='word_1_30' title='bbox 36 463 172 519; x_wconf 86' lang='lat' dir='ltr'>cupiscentiis</span> <span class='ocrx_word' id='word_1_31' title='bbox 186 464 253 515; x_wconf 79' lang='lat' dir='ltr'>vanis,</span> <span class='ocrx_word' id='word_1_32' title='bbox 270 461 419 516; x_wconf 79' lang='lat' dir='ltr'>derelictisque</span> <span class='ocrx_word' id='word_1_33' title='bbox 435 461 516 503; x_wconf 89' lang='lat' dir='ltr'>semitis</span> <span class='ocrx_word' id='word_1_34' title='bbox 532 462 612 517; x_wconf 83' lang='lat' dir='ltr'>pravis,</span> <span class='ocrx_word' id='word_1_35' title='bbox 627 462 718 516; x_wconf 86' lang='lat' dir='ltr'>justitiae</span> <span class='ocrx_word' id='word_1_36' title='bbox 731 462 788 506; x_wconf 85' lang='lat' dir='ltr'>riam</span> <span class='ocrx_word' id='word_1_37' title='bbox 803 455 919 516; x_wconf 82' lang='lat' dir='ltr'>expeditus</span> <span class='ocrx_word' id='word_1_38' title='bbox 934 462 958 500; x_wconf 89' lang='lat' dir='ltr'>et</span> 
     </span>
     <span class='ocr_line' id='line_1_7' title="bbox 37 540 957 601; baseline -0.005 -14"><span class='ocrx_word' id='word_1_39' title='bbox 37 544 83 587; x_wconf 81' lang='lat' dir='ltr'>eine</span> <span class='ocrx_word' id='word_1_40' title='bbox 99 544 255 601; x_wconf 89' lang='lat' dir='ltr'>impedimento</span> <span class='ocrx_word' id='word_1_41' title='bbox 271 541 415 595; x_wconf 13' lang='lat' dir='ltr'>saecularium,</span> <span class='ocrx_word' id='word_1_42' title='bbox 435 543 542 585; x_wconf 87' lang='lat' dir='ltr'>actionum</span> <span class='ocrx_word' id='word_1_43' title='bbox 559 549 673 586; x_wconf 85' lang='lat' dir='ltr'>conaretur</span> <span class='ocrx_word' id='word_1_44' title='bbox 687 546 795 601; x_wconf 80' lang='lat' dir='ltr'>inrepere.</span> <span class='ocrx_word' id='word_1_45' title='bbox 829 541 879 583; x_wconf 83' lang='lat' dir='ltr'>Per</span> <span class='ocrx_word' id='word_1_46' title='bbox 894 540 957 583; x_wconf 73' lang='lat' dir='ltr'>&#39;lianc</span> 
     </span>
     <span class='ocr_line' id='line_1_8' title="bbox 36 618 957 679; baseline -0.005 -13"><span class='ocrx_word' id='word_1_47' title='bbox 36 624 94 666; x_wconf 88' lang='lat' dir='ltr'>enim</span> <span class='ocrx_word' id='word_1_48' title='bbox 109 625 169 665; x_wconf 82' lang='lat' dir='ltr'>vium</span> <span class='ocrx_word' id='word_1_49' title='bbox 187 620 242 664; x_wconf 83' lang='lat' dir='ltr'>Abel</span> <span class='ocrx_word' id='word_1_50' title='bbox 258 621 326 676; x_wconf 84' lang='lat' dir='ltr'>justus</span> <span class='ocrx_word' id='word_1_51' title='bbox 340 623 466 679; x_wconf 87' lang='lat' dir='ltr'>suscipitur,</span> <span class='ocrx_word' id='word_1_52' title='bbox 488 618 566 665; x_wconf 84' lang='lat' dir='ltr'>Enoch</span> <span class='ocrx_word' id='word_1_53' title='bbox 579 622 655 666; x_wconf 86' lang='lat' dir='ltr'>beatus</span> <span class='ocrx_word' id='word_1_54' title='bbox 671 625 799 678; x_wconf 76' lang='lat' dir='ltr'>adsumitur,</span> <span class='ocrx_word' id='word_1_55' title='bbox 817 621 867 667; x_wconf 76' lang='lat' dir='ltr'>Noe</span> <span class='ocrx_word' id='word_1_56' title='bbox 883 633 957 663; x_wconf 83' lang='lat' dir='ltr'>reser-</span> 
     </span>
     <span class='ocr_line' id='line_1_9' title="bbox 35 702 957 759; baseline -0.007 -11"><span class='ocrx_word' id='word_1_57' title='bbox 35 711 109 758; x_wconf 86' lang='lat' dir='ltr'>vatur,</span> <span class='ocrx_word' id='word_1_58' title='bbox 125 703 234 746; x_wconf 84' lang='lat' dir='ltr'>Abraham</span> <span class='ocrx_word' id='word_1_59' title='bbox 252 702 349 759; x_wconf 80' lang='lat' dir='ltr'>eligitur,</span> <span class='ocrx_word' id='word_1_60' title='bbox 369 702 427 745; x_wconf 82' lang='lat' dir='ltr'>Isaac</span> <span class='ocrx_word' id='word_1_61' title='bbox 443 703 588 757; x_wconf 80' lang='lat' dir='ltr'>benedicitur,</span> <span class='ocrx_word' id='word_1_62' title='bbox 606 703 672 746; x_wconf 84' lang='lat' dir='ltr'>Jacob</span> <span class='ocrx_word' id='word_1_63' title='bbox 688 703 799 758; x_wconf 85' lang='lat' dir='ltr'>dilatatur,</span> <span class='ocrx_word' id='word_1_64' title='bbox 819 702 901 759; x_wconf 83' lang='lat' dir='ltr'>Joseplr</span> <span class='ocrx_word' id='word_1_65' title='bbox 915 714 957 742; x_wconf 90' lang='lat' dir='ltr'>eu-</span> 
     </span>
     <span class='ocr_line' id='line_1_10' title="bbox 36 765 961 843; baseline -0.005 -15"><span class='ocrx_word' id='word_1_66' title='bbox 36 785 138 837; x_wconf 86' lang='lat' dir='ltr'>stoditur,</span> <span class='ocrx_word' id='word_1_67' title='bbox 167 783 254 839; x_wconf 82' lang='lat' dir='ltr'>Moyses</span> <span class='ocrx_word' id='word_1_68' title='bbox 269 782 427 843; x_wconf 81' lang='lat' dir='ltr'>sanctificatur,</span> <span class='ocrx_word' id='word_1_69' title='bbox 448 785 518 829; x_wconf 86' lang='lat' dir='ltr'>David</span> <span class='ocrx_word' id='word_1_70' title='bbox 533 786 716 841; x_wconf 82' lang='lat' dir='ltr'>praedestinatur,</span> <span class='ocrx_word' id='word_1_71' title='bbox 741 785 841 827; x_wconf 78' lang='lat' dir='ltr'>Salomon</span> <span class='ocrx_word' id='word_1_72' title='bbox 863 765 961 835; x_wconf 71' lang='lat' dir='ltr'>ditatur,</span> 
     </span>
     <span class='ocr_line' id='line_1_11' title="bbox 37 863 956 922; baseline -0.003 -16"><span class='ocrx_word' id='word_1_73' title='bbox 37 870 82 913; x_wconf 85' lang='lat' dir='ltr'>tres</span> <span class='ocrx_word' id='word_1_74' title='bbox 105 864 168 920; x_wconf 91' lang='lat' dir='ltr'>pueri</span> <span class='ocrx_word' id='word_1_75' title='bbox 187 866 244 908; x_wconf 85' lang='lat' dir='ltr'>iuter</span> <span class='ocrx_word' id='word_1_76' title='bbox 264 865 363 906; x_wconf 84' lang='lat' dir='ltr'>incendia</span> <span class='ocrx_word' id='word_1_77' title='bbox 379 864 488 908; x_wconf 85' lang='lat' dir='ltr'>rorulenta</span> <span class='ocrx_word' id='word_1_78' title='bbox 512 866 660 909; x_wconf 82' lang='lat' dir='ltr'>vaticinantur.</span> <span class='ocrx_word' id='word_1_79' title='bbox 695 865 724 908; x_wconf 88' lang='lat' dir='ltr'>Et</span> <span class='ocrx_word' id='word_1_80' title='bbox 743 864 848 922; x_wconf 77' lang='lat' dir='ltr'>qualiter?</span> <span class='ocrx_word' id='word_1_81' title='bbox 877 863 956 919; x_wconf 88' lang='lat' dir='ltr'>inquis.</span> 
     </span>
     <span class='ocr_line' id='line_1_12' title="bbox 36 942 957 1004; baseline -0.002 -17"><span class='ocrx_word' id='word_1_82' title='bbox 36 943 123 987; x_wconf 87' lang='lat' dir='ltr'>Scilicet</span> <span class='ocrx_word' id='word_1_83' title='bbox 137 945 187 987; x_wconf 87' lang='lat' dir='ltr'>dum</span> <span class='ocrx_word' id='word_1_84' title='bbox 204 945 292 1002; x_wconf 80' lang='lat' dir='ltr'>infirma</span> <span class='ocrx_word' id='word_1_85' title='bbox 302 952 384 998; x_wconf 88' lang='lat' dir='ltr'>curant,</span> <span class='ocrx_word' id='word_1_86' title='bbox 399 951 483 989; x_wconf 87' lang='lat' dir='ltr'>mortua</span> <span class='ocrx_word' id='word_1_87' title='bbox 496 947 740 1004; x_wconf 62' lang='lat' dir='ltr'>suscitatae-praesentia</span> <span class='ocrx_word' id='word_1_88' title='bbox 754 950 900 998; x_wconf 87' lang='lat' dir='ltr'>contemnunt,</span> <span class='ocrx_word' id='word_1_89' title='bbox 917 942 957 992; x_wconf 78' lang='lat' dir='ltr'>fu-</span> 
     </span>
    </p>
   </div>
   <div class='ocr_carea' id='block_1_4' title="bbox 35 1024 956 1086">
    <p class='ocr_par' dir='ltr' id='par_1_4' title="bbox 35 1024 956 1086">
     <span class='ocr_line' id='line_1_13' title="bbox 35 1024 956 1086; baseline -0.005 -17"><span class='ocrx_word' id='word_1_90' title='bbox 35 1031 84 1077; x_wconf 85' lang='lat' dir='ltr'>tura</span> <span class='ocrx_word' id='word_1_91' title='bbox 101 1026 235 1081; x_wconf 88' lang='lat' dir='ltr'>desiderant,</span> <span class='ocrx_word' id='word_1_92' title='bbox 259 1034 351 1071; x_wconf 89' lang='lat' dir='ltr'>tortores</span> <span class='ocrx_word' id='word_1_93' title='bbox 366 1028 495 1084; x_wconf 88' lang='lat' dir='ltr'>despiciunt,</span> <span class='ocrx_word' id='word_1_94' title='bbox 518 1043 599 1086; x_wconf 87' lang='lat' dir='ltr'>poenas</span> <span class='ocrx_word' id='word_1_95' title='bbox 616 1042 660 1071; x_wconf 90' lang='lat' dir='ltr'>uon</span> <span class='ocrx_word' id='word_1_96' title='bbox 679 1029 787 1079; x_wconf 85' lang='lat' dir='ltr'>sentiunt,</span> <span class='ocrx_word' id='word_1_97' title='bbox 808 1028 836 1068; x_wconf 84' lang='lat' dir='ltr'>ad</span> <span class='ocrx_word' id='word_1_98' title='bbox 855 1024 956 1084; x_wconf 80' lang='lat' dir='ltr'>coelestia</span> 
     </span>
    </p>
   </div>
   <div class='ocr_carea' id='block_1_5' title="bbox 29 1107 964 2791">
    <p class='ocr_par' dir='ltr' id='par_1_5' title="bbox 35 1107 957 1245">
     <span class='ocr_line' id='line_1_14' title="bbox 35 1107 957 1166; baseline -0.001 -19"><span class='ocrx_word' id='word_1_99' title='bbox 35 1119 102 1161; x_wconf 85' lang='lat' dir='ltr'>regua</span> <span class='ocrx_word' id='word_1_100' title='bbox 127 1109 265 1150; x_wconf 85' lang='lat' dir='ltr'>contendunt.</span> <span class='ocrx_word' id='word_1_101' title='bbox 296 1108 362 1164; x_wconf 88' lang='lat' dir='ltr'>Quod</span> <span class='ocrx_word' id='word_1_102' title='bbox 380 1110 455 1165; x_wconf 89' lang='lat' dir='ltr'>procul</span> <span class='ocrx_word' id='word_1_103' title='bbox 472 1110 539 1153; x_wconf 87' lang='lat' dir='ltr'>dubio</span> <span class='ocrx_word' id='word_1_104' title='bbox 559 1112 637 1155; x_wconf 87' lang='lat' dir='ltr'>rirtute</span> <span class='ocrx_word' id='word_1_105' title='bbox 657 1111 745 1166; x_wconf 84' lang='lat' dir='ltr'>propria</span> <span class='ocrx_word' id='word_1_106' title='bbox 761 1122 806 1149; x_wconf 88' lang='lat' dir='ltr'>uon</span> <span class='ocrx_word' id='word_1_107' title='bbox 826 1107 957 1158; x_wconf 85' lang='lat' dir='ltr'>obtinerent,</span> 
     </span>
     <span class='ocr_line' id='line_1_15' title="bbox 36 1186 920 1245; baseline -0.002 -16"><span class='ocrx_word' id='word_1_108' title='bbox 36 1187 76 1229; x_wconf 92' lang='lat' dir='ltr'>uisi</span> <span class='ocrx_word' id='word_1_109' title='bbox 87 1201 134 1245; x_wconf 77' lang='lat' dir='ltr'>per</span> <span class='ocrx_word' id='word_1_110' title='bbox 152 1190 213 1231; x_wconf 84' lang='lat' dir='ltr'>ciem</span> <span class='ocrx_word' id='word_1_111' title='bbox 223 1186 328 1243; x_wconf 76' lang='lat' dir='ltr'>justitiae</span> <span class='ocrx_word' id='word_1_112' title='bbox 342 1192 467 1234; x_wconf 82' lang='lat' dir='ltr'>rectissime</span> <span class='ocrx_word' id='word_1_113' title='bbox 485 1193 615 1235; x_wconf 78' lang='lat' dir='ltr'>incedentes</span> <span class='ocrx_word' id='word_1_114' title='bbox 630 1206 642 1233; x_wconf 85' lang='lat' dir='ltr'>a</span> <span class='ocrx_word' id='word_1_115' title='bbox 659 1191 754 1233; x_wconf 91' lang='lat' dir='ltr'>Domino</span> <span class='ocrx_word' id='word_1_116' title='bbox 771 1187 920 1231; x_wconf 84' lang='lat' dir='ltr'>audirentur.“</span> 
     </span>
    </p>

    <p class='ocr_par' dir='ltr' id='par_1_6' title="bbox 35 1267 957 1474">
     <span class='ocr_line' id='line_1_16' title="bbox 97 1267 957 1327; baseline -0.003 -17"><span class='ocrx_word' id='word_1_117' title='bbox 97 1269 220 1311; x_wconf 87' lang='lat' dir='ltr'>Secundum</span> <span class='ocrx_word' id='word_1_118' title='bbox 237 1270 292 1312; x_wconf 84' lang='lat' dir='ltr'>hene</span> <span class='ocrx_word' id='word_1_119' title='bbox 309 1271 473 1327; x_wconf 84' lang='lat' dir='ltr'>disputationem</span> <span class='ocrx_word' id='word_1_120' title='bbox 489 1273 619 1327; x_wconf 85' lang='lat' dir='ltr'>adjutorium</span> <span class='ocrx_word' id='word_1_121' title='bbox 633 1272 737 1324; x_wconf 84' lang='lat' dir='ltr'>divinum,</span> <span class='ocrx_word' id='word_1_122' title='bbox 753 1271 849 1327; x_wconf 85' lang='lat' dir='ltr'>itemque</span> <span class='ocrx_word' id='word_1_123' title='bbox 863 1267 957 1325; x_wconf 81' lang='lat' dir='ltr'>praede—</span> 
     </span>
     <span class='ocr_line' id='line_1_17' title="bbox 35 1349 957 1411; baseline -0.003 -18"><span class='ocrx_word' id='word_1_124' title='bbox 35 1349 120 1393; x_wconf 87' lang='lat' dir='ltr'>stinatio</span> <span class='ocrx_word' id='word_1_125' title='bbox 139 1349 166 1392; x_wconf 87' lang='lat' dir='ltr'>ab</span> <span class='ocrx_word' id='word_1_126' title='bbox 185 1350 278 1394; x_wconf 87' lang='lat' dir='ltr'>bominis</span> <span class='ocrx_word' id='word_1_127' title='bbox 293 1351 400 1409; x_wconf 80' lang='lat' dir='ltr'>probitate</span> <span class='ocrx_word' id='word_1_128' title='bbox 416 1354 508 1411; x_wconf 84' lang='lat' dir='ltr'>pendet,</span> <span class='ocrx_word' id='word_1_129' title='bbox 527 1367 598 1410; x_wconf 88' lang='lat' dir='ltr'>neque</span> <span class='ocrx_word' id='word_1_130' title='bbox 617 1353 684 1411; x_wconf 86' lang='lat' dir='ltr'>ipsius</span> <span class='ocrx_word' id='word_1_131' title='bbox 705 1351 805 1409; x_wconf 85' lang='lat' dir='ltr'>adjutorii</span> <span class='ocrx_word' id='word_1_132' title='bbox 819 1350 875 1393; x_wconf 85' lang='lat' dir='ltr'>ratio</span> <span class='ocrx_word' id='word_1_133' title='bbox 886 1362 957 1391; x_wconf 69' lang='lat' dir='ltr'>vaccu-</span> 
     </span>
     <span class='ocr_line' id='line_1_18' title="bbox 35 1431 224 1474; baseline -0.005 -1"><span class='ocrx_word' id='word_1_134' title='bbox 35 1431 102 1473; x_wconf 88' lang='lat' dir='ltr'>ratius</span> <span class='ocrx_word' id='word_1_135' title='bbox 117 1431 224 1474; x_wconf 86' lang='lat' dir='ltr'>delinitur.</span> 
     </span>
    </p>

    <p class='ocr_par' dir='ltr' id='par_1_7' title="bbox 29 1509 964 2791">
     <span class='ocr_line' id='line_1_19' title="bbox 98 1509 957 1571; baseline -0.006 -16"><span class='ocrx_word' id='word_1_136' title='bbox 98 1510 186 1567; x_wconf 84' lang='lat' dir='ltr'>Accedit</span> <span class='ocrx_word' id='word_1_137' title='bbox 202 1514 261 1569; x_wconf 88' lang='lat' dir='ltr'>quod</span> <span class='ocrx_word' id='word_1_138' title='bbox 274 1515 393 1571; x_wconf 87' lang='lat' dir='ltr'>Gregorius</span> <span class='ocrx_word' id='word_1_139' title='bbox 406 1517 525 1559; x_wconf 84' lang='lat' dir='ltr'>actionibus</span> <span class='ocrx_word' id='word_1_140' title='bbox 538 1517 640 1561; x_wconf 78' lang='lat' dir='ltr'>externis</span> <span class='ocrx_word' id='word_1_141' title='bbox 656 1515 729 1558; x_wconf 89' lang='lat' dir='ltr'>meriti</span> <span class='ocrx_word' id='word_1_142' title='bbox 744 1512 825 1570; x_wconf 89' lang='lat' dir='ltr'>aliquid</span> <span class='ocrx_word' id='word_1_143' title='bbox 839 1509 957 1555; x_wconf 80' lang='lat' dir='ltr'>tribuebat.</span> 
     </span>
     <span class='ocr_line' id='line_1_20' title="bbox 34 1591 958 1653; baseline 0.001 -20"><span class='ocrx_word' id='word_1_144' title='bbox 34 1591 60 1633; x_wconf 90' lang='lat' dir='ltr'>In</span> <span class='ocrx_word' id='word_1_145' title='bbox 70 1592 224 1636; x_wconf 84' lang='lat' dir='ltr'>Miraeulorum</span> <span class='ocrx_word' id='word_1_146' title='bbox 241 1595 278 1637; x_wconf 92' lang='lat' dir='ltr'>lib.</span> <span class='ocrx_word' id='word_1_147' title='bbox 293 1597 328 1639; x_wconf 94' lang='lat' dir='ltr'>Ill.</span> <span class='ocrx_word' id='word_1_148' title='bbox 346 1612 392 1653; x_wconf 87' lang='lat' dir='ltr'>cap.</span> <span class='ocrx_word' id='word_1_149' title='bbox 408 1598 443 1639; x_wconf 84' lang='grc' dir='ltr'>4ο.</span> <span class='ocrx_word' id='word_1_150' title='bbox 465 1599 619 1642; x_wconf 81' lang='lat' dir='ltr'>miraculorum</span> <span class='ocrx_word' id='word_1_151' title='bbox 636 1596 726 1641; x_wconf 86' lang='lat' dir='ltr'>Martini</span> <span class='ocrx_word' id='word_1_152' title='bbox 739 1593 873 1638; x_wconf 84' lang='lat' dir='ltr'>Turonensis</span> <span class='ocrx_word' id='word_1_153' title='bbox 890 1605 958 1635; x_wconf 83' lang='lat' dir='ltr'>euer-</span> 
     </span>
     <span class='ocr_line' id='line_1_21' title="bbox 35 1673 958 1733; baseline 0.007 -19"><span class='ocrx_word' id='word_1_154' title='bbox 35 1673 140 1715; x_wconf 87' lang='lat' dir='ltr'>retionem</span> <span class='ocrx_word' id='word_1_155' title='bbox 154 1674 195 1717; x_wconf 83' lang='lat' dir='ltr'>sibi</span> <span class='ocrx_word' id='word_1_156' title='bbox 209 1677 373 1721; x_wconf 87' lang='lat' dir='ltr'>retributionem</span> <span class='ocrx_word' id='word_1_157' title='bbox 387 1680 492 1722; x_wconf 86' lang='lat' dir='ltr'>mercedis</span> <span class='ocrx_word' id='word_1_158' title='bbox 509 1680 621 1723; x_wconf 81' lang='lat' dir='ltr'>allaturum</span> <span class='ocrx_word' id='word_1_159' title='bbox 637 1693 683 1721; x_wconf 85' lang='lat' dir='ltr'>esse</span> <span class='ocrx_word' id='word_1_160' title='bbox 691 1677 820 1731; x_wconf 86' lang='lat' dir='ltr'>confidebat,</span> <span class='ocrx_word' id='word_1_161' title='bbox 837 1689 893 1733; x_wconf 79' lang='lat' dir='ltr'>quae</span> <span class='ocrx_word' id='word_1_162' title='bbox 904 1688 958 1727; x_wconf 72' lang='lat' dir='ltr'>„re-¹.</span> 
     </span>
     <span class='ocr_line' id='line_1_22' title="bbox 34 1745 956 1814; baseline 0 -21"><span class='ocrx_word' id='word_1_163' title='bbox 34 1750 122 1807; x_wconf 81' lang='lat' dir='ltr'>frigerio</span> <span class='ocrx_word' id='word_1_164' title='bbox 139 1768 179 1809; x_wconf 91' lang='lat' dir='ltr'>pro</span> <span class='ocrx_word' id='word_1_165' title='bbox 198 1757 296 1799; x_wconf 87' lang='lat' dir='ltr'>delictis“</span> <span class='ocrx_word' id='word_1_166' title='bbox 313 1766 424 1812; x_wconf 83' lang='lat' dir='ltr'>constaret.</span> <span class='ocrx_word' id='word_1_167' title='bbox 455 1761 564 1811; x_wconf 83' lang='lat' dir='ltr'>Pretium,</span> <span class='ocrx_word' id='word_1_168' title='bbox 593 1760 651 1814; x_wconf 85' lang='lat' dir='ltr'>quad</span> <span class='ocrx_word' id='word_1_169' title='bbox 667 1758 787 1801; x_wconf 80' lang='lat' dir='ltr'>actionibus</span> <span class='ocrx_word' id='word_1_170' title='bbox 809 1745 904 1799; x_wconf 77' lang='lat' dir='ltr'>externis</span> <span class='ocrx_word' id='word_1_171' title='bbox 926 1752 956 1794; x_wconf 87' lang='lat' dir='ltr'>ad</span> 
     </span>
     <span class='ocr_line' id='line_1_23' title="bbox 34 1819 956 1895; baseline 0.004 -23"><span class='ocrx_word' id='word_1_172' title='bbox 34 1832 187 1888; x_wconf 86' lang='lat' dir='ltr'>poenitentiam</span> <span class='ocrx_word' id='word_1_173' title='bbox 207 1837 361 1890; x_wconf 85' lang='lat' dir='ltr'>pertinentibus</span> <span class='ocrx_word' id='word_1_174' title='bbox 376 1840 492 1892; x_wconf 83' lang='lat' dir='ltr'>statuebat,</span> <span class='ocrx_word' id='word_1_175' title='bbox 519 1824 589 1881; x_wconf 87' lang='lat' dir='ltr'>elucet</span> <span class='ocrx_word' id='word_1_176' title='bbox 610 1853 622 1879; x_wconf 89' lang='lat' dir='ltr'>e</span> <span class='ocrx_word' id='word_1_177' title='bbox 642 1819 730 1895; x_wconf 81' lang='lat' dir='ltr'>prologo</span> <span class='ocrx_word' id='word_1_178' title='bbox 748 1837 799 1878; x_wconf 89' lang='lat' dir='ltr'>libri</span> <span class='ocrx_word' id='word_1_179' title='bbox 816 1836 883 1879; x_wconf 86' lang='lat' dir='ltr'>tertii.</span> <span class='ocrx_word' id='word_1_180' title='bbox 915 1832 956 1888; x_wconf 76' lang='lat' dir='ltr'>„Si</span> 
     </span>
     <span class='ocr_line' id='line_1_24' title="bbox 29 1909 957 1973; baseline 0.001 -17"><span class='ocrx_word' id='word_1_181' title='bbox 29 1914 63 1961; x_wconf 76' lang='lat' dir='ltr'>ad</span> <span class='ocrx_word' id='word_1_182' title='bbox 78 1913 266 1968; x_wconf 80' lang='lat' dir='ltr'>Martinibeutum</span> <span class='ocrx_word' id='word_1_183' title='bbox 281 1920 386 1962; x_wconf 88' lang='lat' dir='ltr'>tumulum</span> <span class='ocrx_word' id='word_1_184' title='bbox 403 1921 529 1964; x_wconf 83' lang='lat' dir='ltr'>humilietur</span> <span class='ocrx_word' id='word_1_185' title='bbox 544 1921 635 1973; x_wconf 86' lang='lat' dir='ltr'>enimus,</span> <span class='ocrx_word' id='word_1_186' title='bbox 652 1924 675 1960; x_wconf 84' lang='lat' dir='ltr'>et</span> <span class='ocrx_word' id='word_1_187' title='bbox 689 1919 758 1961; x_wconf 83' lang='lat' dir='ltr'>cretio</span> <span class='ocrx_word' id='word_1_188' title='bbox 774 1915 913 1968; x_wconf 85' lang='lat' dir='ltr'>sublimetur,</span> <span class='ocrx_word' id='word_1_189' title='bbox 937 1909 957 1957; x_wconf 76' lang='lat' dir='ltr'>ei</span> 
     </span>
     <span class='ocr_line' id='line_1_25' title="bbox 36 1995 956 2058; baseline 0.002 -21"><span class='ocrx_word' id='word_1_190' title='bbox 36 1995 139 2050; x_wconf 79' lang='lat' dir='ltr'>defluant</span> <span class='ocrx_word' id='word_1_191' title='bbox 156 1997 294 2052; x_wconf 76' lang='lat' dir='ltr'>laotm&#39;mae,</span> <span class='ocrx_word' id='word_1_192' title='bbox 320 2007 342 2043; x_wconf 88' lang='lat' dir='ltr'>et</span> <span class='ocrx_word' id='word_1_193' title='bbox 357 2004 495 2058; x_wconf 80' lang='lat' dir='ltr'>compunctio</span> <span class='ocrx_word' id='word_1_194' title='bbox 515 2016 570 2045; x_wconf 85' lang='lat' dir='ltr'>vere</span> <span class='ocrx_word' id='word_1_195' title='bbox 588 2001 710 2052; x_wconf 82' lang='lat' dir='ltr'>suecedet,</span> <span class='ocrx_word' id='word_1_196' title='bbox 732 1998 754 2040; x_wconf 74' lang='lat' dir='ltr'>si*</span> <span class='ocrx_word' id='word_1_197' title='bbox 772 1997 802 2040; x_wconf 84' lang='lat' dir='ltr'>ab</span> <span class='ocrx_word' id='word_1_198' title='bbox 824 1999 871 2041; x_wconf 82' lang='lat' dir='ltr'>imc&#39;</span> <span class='ocrx_word' id='word_1_199' title='bbox 885 1996 956 2058; x_wconf 73' lang='lat' dir='ltr'>carde</span> 
     </span>
     <span class='ocr_line' id='line_1_26' title="bbox 35 2076 954 2140; baseline 0 -24"><span class='ocrx_word' id='word_1_200' title='bbox 35 2076 154 2118; x_wconf 74' lang='lat' dir='ltr'>mittantur</span> <span class='ocrx_word' id='word_1_201' title='bbox 171 2082 286 2136; x_wconf 78' lang='lat' dir='ltr'>suspiria,</span> <span class='ocrx_word' id='word_1_202' title='bbox 308 2088 329 2123; x_wconf 88' lang='lat' dir='ltr'>et</span> <span class='ocrx_word' id='word_1_203' title='bbox 342 2089 439 2140; x_wconf 78' lang='lat' dir='ltr'>pectora</span> <span class='ocrx_word' id='word_1_204' title='bbox 448 2084 588 2139; x_wconf 75' lang='lat' dir='ltr'>facinorosa</span> <span class='ocrx_word' id='word_1_205' title='bbox 601 2084 740 2133; x_wconf 76' lang='lat' dir='ltr'>tundamur,</span> <span class='ocrx_word' id='word_1_206' title='bbox 764 2080 847 2123; x_wconf 86' lang='lat' dir='ltr'>invenit</span> <span class='ocrx_word' id='word_1_207' title='bbox 861 2077 954 2134; x_wconf 80' lang='lat' dir='ltr'>ploratus</span> 
     </span>
     <span class='ocr_line' id='line_1_27' title="bbox 34 2154 952 2223; baseline 0.002 -26"><span class='ocrx_word' id='word_1_208' title='bbox 34 2154 147 2223; x_wconf 81' lang='lat' dir='ltr'>laetitiam,</span> <span class='ocrx_word' id='word_1_209' title='bbox 159 2159 221 2213; x_wconf 85' lang='lat' dir='ltr'>culpa</span> <span class='ocrx_word' id='word_1_210' title='bbox 239 2163 336 2215; x_wconf 79' lang='lat' dir='ltr'>reniam,</span> <span class='ocrx_word' id='word_1_211' title='bbox 355 2165 417 2205; x_wconf 91' lang='lat' dir='ltr'>dolor</span> <span class='ocrx_word' id='word_1_212' title='bbox 429 2165 522 2217; x_wconf 89' lang='lat' dir='ltr'>pectoris</span> <span class='ocrx_word' id='word_1_213' title='bbox 537 2165 636 2221; x_wconf 85' lang='lat' dir='ltr'>pervenit</span> <span class='ocrx_word' id='word_1_214' title='bbox 653 2165 680 2207; x_wconf 82' lang='lat' dir='ltr'>ad</span> <span class='ocrx_word' id='word_1_215' title='bbox 698 2160 827 2204; x_wconf 61' lang='lat' dir='ltr'>medelam‘t</span> <span class='ocrx_word' id='word_1_216' title='bbox 858 2159 882 2199; x_wconf 91' lang='lat' dir='ltr'>In</span> <span class='ocrx_word' id='word_1_217' title='bbox 897 2155 952 2197; x_wconf 80' lang='lat' dir='ltr'>libro</span> 
     </span>
     <span class='ocr_line' id='line_1_28' title="bbox 34 2236 953 2304; baseline -0.002 -26"><span class='ocrx_word' id='word_1_218' title='bbox 34 2236 126 2291; x_wconf 82' lang='lat' dir='ltr'>septimo</span> <span class='ocrx_word' id='word_1_219' title='bbox 140 2237 184 2280; x_wconf 83' lang='lat' dir='ltr'>sire</span> <span class='ocrx_word' id='word_1_220' title='bbox 201 2239 243 2281; x_wconf 87' lang='lat' dir='ltr'>rita</span> <span class='ocrx_word' id='word_1_221' title='bbox 261 2249 381 2285; x_wconf 86' lang='lat' dir='ltr'>sanctorum</span> <span class='ocrx_word' id='word_1_222' title='bbox 396 2249 481 2300; x_wconf 87' lang='lat' dir='ltr'>patrum</span> <span class='ocrx_word' id='word_1_223' title='bbox 499 2244 584 2286; x_wconf 87' lang='lat' dir='ltr'>Galliae</span> <span class='ocrx_word' id='word_1_224' title='bbox 600 2259 645 2304; x_wconf 83' lang='lat' dir='ltr'>cap.</span> <span class='ocrx_word' id='word_1_225' title='bbox 659 2259 677 2286; x_wconf 84' lang='lat'>1.</span> <span class='ocrx_word' id='word_1_226' title='bbox 694 2242 814 2298; x_wconf 84' lang='lat' dir='ltr'>Gregorius</span> <span class='ocrx_word' id='word_1_227' title='bbox 831 2236 953 2296; x_wconf 85' lang='lat' dir='ltr'>praedesti-</span> 
     </span>
     <span class='ocr_line' id='line_1_29' title="bbox 34 2315 953 2387; baseline 0.007 -30"><span class='ocrx_word' id='word_1_228' title='bbox 34 2315 126 2358; x_wconf 87' lang='lat' dir='ltr'>nationis</span> <span class='ocrx_word' id='word_1_229' title='bbox 144 2325 166 2361; x_wconf 89' lang='lat' dir='ltr'>et</span> <span class='ocrx_word' id='word_1_230' title='bbox 178 2322 263 2375; x_wconf 71' lang='lat' dir='ltr'>gratiae</span> <span class='ocrx_word' id='word_1_231' title='bbox 283 2323 391 2387; x_wconf 69' lang='lat' dir='ltr'>adjutricis</span> <span class='ocrx_word' id='word_1_232' title='bbox 408 2325 540 2368; x_wconf 84' lang='lat' dir='ltr'>mentionem</span> <span class='ocrx_word' id='word_1_233' title='bbox 558 2324 622 2381; x_wconf 80' lang='lat' dir='ltr'>iacit,</span> <span class='ocrx_word' id='word_1_234' title='bbox 647 2328 686 2370; x_wconf 87' lang='lat' dir='ltr'>sed</span> <span class='ocrx_word' id='word_1_235' title='bbox 707 2339 751 2369; x_wconf 91' lang='lat' dir='ltr'>nou</span> <span class='ocrx_word' id='word_1_236' title='bbox 768 2337 832 2368; x_wconf 83' lang='lat' dir='ltr'>sensu</span> <span class='ocrx_word' id='word_1_237' title='bbox 848 2316 953 2375; x_wconf 77' lang='lat' dir='ltr'>Augtuii·</span> 
     </span>
     <span class='ocr_line' id='line_1_30' title="bbox 33 2397 953 2467; baseline -0.001 -25"><span class='ocrx_word' id='word_1_238' title='bbox 33 2397 104 2440; x_wconf 79' lang='lat' dir='ltr'>niano·</span> <span class='ocrx_word' id='word_1_239' title='bbox 139 2400 371 2451; x_wconf 70' lang='lat' dir='ltr'>„Praecesrinatorum</span> <span class='ocrx_word' id='word_1_240' title='bbox 391 2412 423 2448; x_wconf 84' lang='lat' dir='ltr'>est</span> <span class='ocrx_word' id='word_1_241' title='bbox 440 2407 495 2448; x_wconf 56' lang='lat' dir='ltr'>istae</span> <span class='ocrx_word' id='word_1_242' title='bbox 517 2405 591 2465; x_wconf 85' lang='lat' dir='ltr'>(super</span> <span class='ocrx_word' id='word_1_243' title='bbox 610 2424 679 2467; x_wconf 83' lang='lat' dir='ltr'>pauca</span> <span class='ocrx_word' id='word_1_244' title='bbox 701 2406 788 2450; x_wconf 86' lang='lat' dir='ltr'>fidelem</span> <span class='ocrx_word' id='word_1_245' title='bbox 809 2398 862 2457; x_wconf 85' lang='lat' dir='ltr'>esse)</span> <span class='ocrx_word' id='word_1_246' title='bbox 885 2413 953 2454; x_wconf 87' lang='lat' dir='ltr'>„cum</span> 
     </span>
     <span class='ocr_line' id='line_1_31' title="bbox 33 2479 964 2546; baseline 0.001 -24"><span class='ocrx_word' id='word_1_247' title='bbox 33 2479 77 2522; x_wconf 92' lang='lat' dir='ltr'>Dei</span> <span class='ocrx_word' id='word_1_248' title='bbox 91 2492 132 2535; x_wconf 91' lang='lat' dir='ltr'>ope</span> <span class='ocrx_word' id='word_1_249' title='bbox 146 2480 260 2536; x_wconf 82' lang='lat' dir='ltr'>perficere,</span> <span class='ocrx_word' id='word_1_250' title='bbox 279 2486 315 2540; x_wconf 87' lang='lat' dir='ltr'>qui</span> <span class='ocrx_word' id='word_1_251' title='bbox 331 2486 357 2527; x_wconf 85' lang='lat' dir='ltr'>ab</span> <span class='ocrx_word' id='word_1_252' title='bbox 372 2486 422 2542; x_wconf 88' lang='lat' dir='ltr'>ipsis</span> <span class='ocrx_word' id='word_1_253' title='bbox 439 2489 619 2533; x_wconf 88' lang='lat' dir='ltr'>incunabulorum</span> <span class='ocrx_word' id='word_1_254' title='bbox 641 2489 744 2546; x_wconf 79' lang='lat' dir='ltr'>vagitibus</span> <span class='ocrx_word' id='word_1_255' title='bbox 761 2483 880 2529; x_wconf 88' lang='lat' dir='ltr'>Dominum</span> <span class='ocrx_word' id='word_1_256' title='bbox 896 2482 964 2525; x_wconf 50' lang='lat' dir='ltr'>seire¹</span> 
     </span>
     <span class='ocr_line' id='line_1_32' title="bbox 34 2560 952 2628; baseline 0.004 -25"><span class='ocrx_word' id='word_1_257' title='bbox 34 2565 175 2605; x_wconf 76' lang='lat' dir='ltr'>mercemur‘</span> <span class='ocrx_word' id='word_1_258' title='bbox 195 2560 217 2620; x_wconf 81' lang='lat' dir='ltr'>(i.</span> <span class='ocrx_word' id='word_1_259' title='bbox 230 2578 254 2619; x_wconf 58' lang='grc' dir='ltr'>7ε.</span> <span class='ocrx_word' id='word_1_260' title='bbox 274 2562 367 2609; x_wconf 77' lang='lat' dir='ltr'>feliciter</span> <span class='ocrx_word' id='word_1_261' title='bbox 382 2569 472 2610; x_wconf 85' lang='lat' dir='ltr'>assecuti</span> <span class='ocrx_word' id='word_1_262' title='bbox 488 2571 559 2626; x_wconf 89' lang='lat' dir='ltr'>sunt),</span> <span class='ocrx_word' id='word_1_263' title='bbox 589 2572 729 2628; x_wconf 79' lang='lat' dir='ltr'>„cognitoque</span> <span class='ocrx_word' id='word_1_264' title='bbox 746 2579 772 2607; x_wconf 89' lang='lat' dir='ltr'>eo</span> <span class='ocrx_word' id='word_1_265' title='bbox 791 2577 905 2622; x_wconf 87' lang='lat' dir='ltr'>nunquam</span> <span class='ocrx_word' id='word_1_266' title='bbox 923 2563 952 2608; x_wconf 82' lang='lat' dir='ltr'>eb</span> 
     </span>
     <span class='ocr_line' id='line_1_33' title="bbox 35 2641 953 2709; baseline 0.008 -28"><span class='ocrx_word' id='word_1_267' title='bbox 35 2641 80 2695; x_wconf 86' lang='lat' dir='ltr'>ejus</span> <span class='ocrx_word' id='word_1_268' title='bbox 96 2645 282 2700; x_wconf 84' lang='lat' dir='ltr'>praeceptionibus</span> <span class='ocrx_word' id='word_1_269' title='bbox 300 2655 440 2691; x_wconf 85' lang='lat' dir='ltr'>recesserunt.</span> <span class='ocrx_word' id='word_1_270' title='bbox 471 2650 548 2707; x_wconf 86' lang='lat' dir='ltr'>Neque</span> <span class='ocrx_word' id='word_1_271' title='bbox 563 2659 611 2709; x_wconf 86' lang='lat' dir='ltr'>post</span> <span class='ocrx_word' id='word_1_272' title='bbox 628 2648 726 2706; x_wconf 84' lang='lat' dir='ltr'>baptismi</span> <span class='ocrx_word' id='word_1_273' title='bbox 741 2652 902 2691; x_wconf 85' lang='lat' dir='ltr'>sacramentum</span> <span class='ocrx_word' id='word_1_274' title='bbox 916 2646 953 2688; x_wconf 87' lang='lat' dir='ltr'>ni-</span> 
     </span>
     <span class='ocr_line' id='line_1_34' title="bbox 34 2712 950 2791; baseline 0.003 -26"><span class='ocrx_word' id='word_1_275' title='bbox 34 2733 96 2766; x_wconf 72' lang='lat' dir='ltr'>veum</span> <span class='ocrx_word' id='word_1_276' title='bbox 110 2723 167 2768; x_wconf 87' lang='lat' dir='ltr'>illam</span> <span class='ocrx_word' id='word_1_277' title='bbox 184 2726 343 2786; x_wconf 86' lang='lat' dir='ltr'>pollentemque</span> <span class='ocrx_word' id='word_1_278' title='bbox 359 2712 526 2787; x_wconf 76' lang='lat' dir='ltr'>regenerationis</span> <span class='ocrx_word' id='word_1_279' title='bbox 543 2731 618 2783; x_wconf 79' lang='lat' dir='ltr'>stolam</span> <span class='ocrx_word' id='word_1_280' title='bbox 632 2730 748 2791; x_wconf 75' lang='lat' dir='ltr'>impudicis</span> <span class='ocrx_word' id='word_1_281' title='bbox 766 2726 850 2774; x_wconf 81' lang='lat' dir='ltr'>actibus</span> <span class='ocrx_word' id='word_1_282' title='bbox 864 2726 950 2786; x_wconf 58' lang='lat' dir='ltr'>polluet·</span> 
     </span>
    </p>
   </div>
   <div class='ocr_carea' id='block_1_6' title="bbox 0 0 1004 2998">
    <p class='ocr_par' dir='ltr' id='par_1_8' title="bbox 0 0 1004 2998">
     <span class='ocr_line' id='line_1_35' title="bbox 0 0 1004 2998; baseline 0 0"><span class='ocrx_word' id='word_1_283' title='bbox 0 0 1004 2998; x_wconf 95' lang='lat' dir='ltr'> </span> 
     </span>
    </p>
   </div>
  </div>
 </body>
</html>
