1999 2998
439 34 568 95 *aa*

45 148 122 195 dinem
135 157 234 194 nostram.
248 168 277 179 -
293 144 353 189 Nihil
367 144 387 189 ei
402 143 450 202 (qui
466 161 479 189 a
496 146 579 203 peccati
593 145 627 191 via
640 142 709 206 veuit)
725 146 817 204 prodest,
836 150 896 203 quod
911 163 965 207 poe·

46 231 137 275 nitendo
150 228 309 285 compungitur,
332 240 373 269 nec
391 227 449 283 quod
462 226 537 270 flendo
553 226 679 282 confitetur,
706 230 724 271 si
741 227 878 272 inemendata
894 236 917 272 ct
932 231 968 273 in—

47 318 156 367 correpta,
175 309 264 352 interius
281 307 443 366 pulchritudine
462 308 535 353 bonae
558 310 671 354 uoluntatis
689 308 738 351 luce
753 311 795 352 Dei
813 310 912 366 imaginis
926 307 996 359 nes

46 403 151 448 quaquam
168 391 252 432 radiare
268 393 412 447 cognoscitur.
430 391 542 450 ⁸Imago,
565 393 644 435 etenim
663 397 686 434 et
706 390 826 434 similitudo
843 385 904 444 Dei,
933 397 967 435 est

45 471 128 526 inclyto
143 471 193 514 odio
212 466 297 514 matrim
315 473 393 526 odire,
415 477 436 517 et
454 486 534 516 amore
546 473 652 530 perfecto
668 472 745 515 Deam
762 472 885 529 diliger·e.“
916 472 967 514 Lib.

45 553 99 595 adas
113 551 137 595 in
151 554 244 610 primum
258 553 347 610 Regum
363 542 448 611 Gapsb.
464 552 482 613 i
498 553 535 596 ab.
566 552 608 595 Hic
624 554 696 608 imago
716 559 739 595 et
754 552 870 611 similitudo
887 552 928 595 Dei
945 553 967 593 in

44 634 93 675 odio
110 634 161 675 mali
177 641 200 677 et
213 633 312 692 perfecto
330 636 372 679 Dei
391 621 469 689 amore,
485 643 551 692 atque
568 636 621 677 adeo
636 635 657 676 in
673 630 809 690 perfectione
826 633 911 675 morali
925 645 967 688 po-

43 714 107 756 nitur.
125 736 156 746 -
191 716 250 772 „Qui
267 722 368 760 naturae
390 717 511 761 rationalis
531 717 665 775 dignitatem
689 722 764 758 contra
785 714 878 757 auctoris
900 712 967 756 nostri

42 804 161 854 praecepta
177 797 324 855 superbiendo
339 798 482 854 perdidimus,
505 812 549 856 per·
561 796 652 841 infusam
668 797 770 840 cordibus
787 797 862 839 nostris
881 794 967 850 spiritus

42 878 110 920 sancti
127 879 225 933 gratiam,
242 893 307 935 quam
324 879 347 921 in
362 879 423 921 nobis
438 886 550 936 peccatum
568 879 729 929 obscuraverat,
751 878 916 933 intelligentiae
933 878 973 918 lu-‘

43 970 90 1001 cem
106 956 247 1001 confessionis
261 959 413 1003 humiliatione
428 962 590 1004 reuocamas.“
621 958 701 1014 Expoa.
716 957 794 999 Psalmi
808 956 898 998 secundi
911 969 966 1011 poe-

43 1039 81 1081 nit.
96 1037 115 1096 ᾗ
133 1053 167 1081 11.
200 1041 325 1097 „Quoniam
343 1041 429 1097 quidem
447 1042 474 1083 ad
495 1046 586 1082 naturae
603 1046 687 1082 nostrae
709 1044 788 1080 statum
808 1037 876 1094 pietas
895 1036 967 1079 divina

44 1131 81 1162 vos
98 1130 193 1176 revocat,
210 1129 232 1165 et
244 1123 397 1165 similitudinis
411 1129 467 1165 suae
483 1122 617 1178 imaginem,
634 1134 699 1177 qnam
716 1119 861 1162 inobedientia
879 1117 967 1159 destru-

44 1206 112 1257 xerat,
130 1191 250 1260 benignitas
267 1202 378 1247 salvatoris
395 1203 461 1246 nostri
477 1203 501 1245 in
516 1189 577 1246 robis
593 1199 720 1244 reformat.“
737 1206 776 1243 cet.
797 1198 815 1257 i
833 1200 867 1242 15.

330 1422 371 1477 ΙΙ.
408 1424 453 1478 De
471 1344 553 1496 legista
571 1423 678 1478 Asiani.

105 1520 192 1565 Primos
204 1523 309 1583 homines,
323 1524 412 1567 inductu
429 1533 451 1568 et
467 1538 572 1581 persuasu
590 1525 679 1579 diaboli,
700 1522 737 1578 qui
752 1520 855 1578 serpentis
870 1517 965 1577 speciem

45 1601 158 1657 induerat,
176 1618 254 1661 eosque
271 1619 310 1661 spe
327 1603 411 1648 fructus
429 1606 500 1659 vetiti,
520 1606 581 1661 cujus
599 1619 637 1647 esu
651 1605 693 1646 Dei
711 1603 790 1645 similes
800 1601 872 1645 'futuri
888 1605 965 1653 essent,

43 1680 198 1738 fascinaverat,
223 1685 266 1728 Dei
285 1692 427 1741 praeceptum
446 1685 547 1728 violando
565 1698 678 1740 peccasse,
705 1684 822 1739 Gregorius
844 1682 965 1725 secundum

35 1776 128 1806 ,sensum
148 1764 253 1808 literalem
272 1766 385 1808 Geneseos
407 1765 520 1809 statuebat.
557 1764 633 1808 Adami
658 1772 771 1821 peccatum
796 1762 845 1821 eratJ
861 1763 965 1807 volunta-

44 1845 114 1896 rium,
135 1859 202 1901 quum
220 1847 287 1889 libero
305 1847 397 1889 arbitrio
413 1848 523 1901 gauderet.
561 1846 675 1889 Peccatum
694 1853 768 1888 autem
790 1846 835 1900 ejus
856 1859 907 1886 cum
922 1857 966 1884 an-

44 1924 143 1979 gelorum
158 1932 246 1985 peccato
260 1939 302 1967 non
320 1933 353 1967 est
370 1929 546 1983 comparandum,
565 1942 630 1984 quum
649 1928 720 1983 angeli
741 1927 806 1968 modo
822 1925 906 1981 spiritu,
922 1922 964 1964 ho-

44 2005 112 2048 mines
129 2005 195 2061 primi
208 2006 283 2061 spiritu
300 2011 323 2048 et
339 2020 404 2048 carne
418 2015 547 2060 constarent,
565 2010 634 2063 angeli
652 2010 716 2050 etiam
734 2021 772 2049 sua
787 2008 880 2063 ipsorum
900 2005 965 2047 mali-

42 2086 70 2128 tia
90 2087 206 2139 caderent,
236 2086 335 2129 immines
357 2089 438 2144 primos
464 2096 537 2131 autem
562 2088 631 2132 aliena
650 2088 730 2131 malitia
753 2071 904 2143 ji'rosterncret.
936 2086 965 2129 Et

41 2167 106 2210 honio
122 2174 146 2210 et
162 2167 249 2222 angelus
260 2169 293 2209 de
310 2174 367 2211 statu
384 2170 491 2226 primitivo
512 2168 622 2226 superbiri
640 2171 728 2224 cecidit,
754 2176 843 2225 uterque
860 2169 904 2211 Dei
920 2182 964 2217 nou

39 2247 125 2303 justitiis,
143 2249 182 2289 sed
200 2246 293 2303 potentii
309 2250 386 2292 similis
401 2265 446 2292 esse
462 2249 554 2292 valebat.
900 2304 902 2309 Δ

100 2330 193 2384 „Quum
212 2330 292 2383 primus
309 2330 377 2371 homo
393 2345 439 2386 per
457 2336 524 2372 satan
546 2330 666 2374 aDonrino
689 2337 761 2373 morus
784 2339 827 2384 est,
857 2339 910 2375 tunc
932 2336 964 2370 est

41 2411 147 2453 Dominus
167 2409 189 2451 in
209 2408 297 2451 homine
318 2410 414 2451 secundo
432 2417 558 2453 commotas.
575 2434 604 2444 ·-
633 2413 677 2456 Nisi
699 2413 759 2455 enim
779 2413 846 2456 Adam
866 2412 962 2469 primum

44 2504 80 2543 per
94 2492 248 2534 craticularium
268 2492 348 2533 vitium
364 2491 386 2532 in
402 2491 483 2533 animae
500 2499 593 2535 mortem
611 2496 708 2537 traxisset
725 2494 818 2549 (satan),
840 2492 910 2535 Adam
926 2505 962 2534 se-

44 2570 123 2610 cundus
139 2573 185 2613 sine
201 2573 252 2617 vitio
269 2572 379 2615 incarnis
393 2579 482 2616 mortem
499 2574 642 2618 voluntariam
659 2588 701 2616 non
719 2574 823 2616 venirets‘
855 2573 912 2616 Mor.
925 2574 960 2616 lli.

43 2647 79 2690 un.
110 2649 238 2702 „ildulierem
255 2669 364 2714 serpens,
390 2662 414 2699 ut
430 2668 530 2713 perversa
548 2655 684 2714 loqueretur,
708 2655 838 2712 instigavit.“
868 2655 905 2699 111.
926 2669 961 2698 12.
