1999 2998
474 89 505 132 28

6 218 55 255 ‚re
80 213 156 262 aperte
178 204 321 263 cognoscitur,
348 203 448 258 quoniam
466 203 503 245 ille
520 203 627 248 ueraciter
639 202 736 248 sublimis
754 211 796 257 est,
820 207 893 263 quiin
910 209 954 253 suis

30 289 195 346 cogitationibus
211 284 339 329 humiliatur.
367 283 523 328 vFornridemus
538 296 591 343 ergo
606 272 630 331 in
645 285 733 330 illorum
747 299 838 329 numero
853 289 953 342 adscribi,

30 373 68 429 qni
84 372 161 428 primas
177 368 199 407 in
217 362 329 419 synagogis
342 365 460 412 cathedras
476 374 592 426 quaerunt,
614 375 637 412 et
652 368 828 419 salutationes'in
844 366 906 423 foro,
931 377 954 413 et

30 452 100 497 vocari
123 447 149 489 ab
169 443 300 488 horninibus.
318 447 415 494 Rabbit·
448 452 514 508 Quod
540 451 615 495 contra
640 450 748 509 discipulis
772 449 880 493 Dominus
893 451 953 493 dicit

30 530 113 591 (alanta
132 529 169 584 25,
189 543 210 583 7.
229 526 273 584 8.):‘
313 529 360 575 Vos
383 539 460 582 cutem
485 533 554 577 acolito
577 535 658 576 vocari
683 532 764 577 Raeti.
806 531 870 574 Unus
889 531 953 574 enim

26 613 140 671 magister
156 615 232 652 vester
248 617 296 654 est:
309 609 355 657 cos
370 622 446 660 aretem
461 615 638 672 omncsfrutres
647 617 707 659 estis.
738 616 768 659 Et
778 620 869 673 patrem
883 614 952 656 nolite

28 692 113 738 vocare
125 689 280 750 uobicsuper
290 692 391 740 terrum:
414 711 474 740 auus
491 701 525 740 est
540 697 599 739 errim
618 697 694 739 Pater
713 699 814 741 rruster.“

91 774 202 829 Qnodad·
215 773 356 821 conciliorum
372 792 465 822 canones
481 784 570 836 spectat,
586 778 705 835 Gregorius
718 780 805 836 quidem
819 776 952 832 singulorum

26 867 131 901 canonum
148 857 282 900 mentionem
298 871 342 901 non
358 857 421 916 fucit,
446 862 484 903 sed
502 861 525 903 in
541 861 630 918 epistola
646 861 674 904 ad
692 860 809 916 Eulogium
822 872 887 915 supra
903 858 952 899 lau-

25 940 75 983 data
98 940 127 981 in
146 938 402 987 universum‘aifirnrat:
441 944 480 997 „ln
500 956 543 1000 qua
564 939 656 1000 (causa)
675 942 798 999 praeceptis
819 939 953 994 euangelicis,

25 1020 200 1078 institutionibus
222 1034 343 1077 cananaea,
369 1024 497 1069 utilitatibus
516 1021 609 1067 fratrum
630 1037 743 1081 personam
758 1032 893 1079 praeponere
908 1027 960 1061 non·

24 1116 119 1159 possum,
135 1115 175 1144 nee
189 1104 234 1159 ejus
248 1116 313 1159 quam
328 1105 422 1150 multum
438 1108 509 1149 ωηο.κ
537 1105 643 1149 Mauricio
652 1090 889 1161 Augustosnipsnw.
902 1101 951 1156 ac):

25 1186 102 1240 „Quia
122 1199 166 1227 non
183 1199 247 1228 causa
263 1199 324 1240 mea,
349 1188 448 1232 sediDei
465 1196 508 1241 est,
535 1194 557 1230 et
578 1188 687 1243 quianon
703 1186 831 1241 solus'ego,
855 1182 893 1225 sed
906 1189 951 1225 tota

24 1267 128 1310 turbatur
143 1266 243 1320 ecclesia,
272 1268 324 1325 qbia
339 1269 388 1326 piae
402 1270 474 1326 leges,
496 1270 547 1327 quia
562 1256 710 1313 venerandus
724 1267 816 1323 synodi,
840 1266 891 1322 quia
904 1265 950 1322 ipsa

24 1348 90 1390 ctiam
104 1347 194 1390 Domini
212 1351 278 1392 nostri
291 1351 342 1394 Jesu
355 1350 435 1395 Christi
449 1353 550 1395 mandata
563 1350 650 1407 superbi
667 1356 731 1405 atque
746 1347 863 1405 pompatici
877 1348 951 1404 cujus-

24 1428 73 1470 dam
90 1430 194 1473 sermonis
210 1431 334 1474 inventione
349 1430 477 1490 turbantur3
493 1432 600 1491 piissimus
618 1431 719 1473 dominus
738 1430 812 1472 locurn
825 1434 884 1471 secet
900 1429 951 1471 vul-

25 1509 90 1561 neris,
105 1517 169 1566 atque
181 1513 316 1555 resistentem
331 1526 419 1567 aegrum
434 1520 537 1569 augustae
552 1513 685 1555 auctoritatis
696 1512 785 1556 vinculis
798 1510 952 1566 constringat.“

25 1590 56 1634 Et
72 1590 146 1647 paullo
167 1600 224 1648 post:
255 1593 325 1647 „Quis
342 1601 374 1636 est
387 1594 440 1647 iste,
464 1596 501 1651 qui
523 1599 597 1635 contra
615 1600 694 1636 statuta
714 1592 847 1648 evangelica,
870 1598 950 1635 curata-a

25 1684 139 1716 canonum
153 1674 256 1727 decretu,
271 1689 350 1719 novum
367 1674 408 1717 sibi
423 1688 528 1731 usurpare
547 1688 627 1717 nomen
644 1673 776 1733 praesumit?
810 1675 898 1718 Utinam
914 1673 949 1717 rel

22 1754 72 1797 sine
90 1754 182 1798 aliorum
199 1755 349 1798 irnnrinutione
371 1770 428 1817 unus
447 1756 487 1809 sit,
513 1756 549 1811 qui
572 1756 643 1798 vocari
661 1756 743 1813 appetit
765 1755 895 1799 universalis.
919 1777 949 1787 -

23 1837 68 1890 Qui
83 1843 158 1879 contra
175 1836 351 1892 omnipotentem
361 1837 488 1889 Dominum,
505 1836 630 1892 perinanis
646 1837 728 1893 gloriae
746 1843 862 1889 tumorem,
883 1843 948 1892 atque
995 1816 999 1823 ¹

24 1923 106 1959 eorrtra
122 1923 209 1960 statuta
223 1925 318 1974 patrum
333 1933 393 1960 suam
409 1917 514 1961 cervicem
530 1918 613 1972 erigit.“
629 1926 670 1962 cet,
703 1918 770 1972 „Qua
783 1917 806 1958 in
821 1919 868 1969 rc“,
888 1916 949 1958 Con-

23 1997 131 2039 stantinae
147 1995 256 2052 Augustae
272 1999 356 2054 scripsit
370 1998 405 2056 (V.
422 1997 479 2055 aa),
501 2010 528 2051 „a
543 1998 611 2042 fratrc
628 2006 650 2041 ct
664 1997 816 2040 consacerdote
831 2010 881 2040 meo
895 2012 948 2039 con-

22 2084 57 2121 trn
78 2078 224 2134 evangelicam
243 2080 381 2133 sententiam,
406 2088 480 2123 contra
499 2080 586 2124 beatum
608 2094 694 2138 quoque
715 2079 804 2121 Petrum
821 2079 947 2135 apostolum,

22 2166 44 2201 et
58 2166 134 2203 contra
148 2173 222 2210 omnes
239 2160 345 2214 ecclesias,
359 2170 478 2221 contraque
494 2168 582 2207 statura
599 2176 709 2206 canonem
721 2161 811 2215 agitent
840 2160 878 2214 „Si
890 2161 947 2202 hanc

22 2239 126 2299 (causam)
149 2242 305 2298 aequanimiter
323 2246 457 2300 portamus“,
480 2243 592 2288 Anastasio
614 2244 716 2300 episcopo
738 2239 885 2295 Antiocheno,
909 2244 946 2298 qui

23 2324 146 2367 universalis
167 2323 262 2380 episcopi
282 2324 368 2366 titulum
387 2341 399 2368 a
417 2325 653 2379 Constantinopolitano
672 2326 774 2382 episcopo
787 2319 885 2380 usurpari
896 2331 946 2369 ‘non

25 2406 93 2460 magni
112 2407 218 2449 interesse
239 2405 376 2460 autumabat,
400 2406 510 2464 rescripsit
529 2405 585 2462 (Vll.
603 2405 656 2465 27.),
679 2406 819 2459 „rtru'oersae
834 2408 945 2465 eeclesiae

20 2481 92 2537 fidem
106 2487 297 2546 corrumpimus.“

89 2566 187 2619 Quamvis
201 2584 229 2612 ox
240 2571 373 2627 argumentis
383 2570 451 2615 allatis
462 2578 570 2630 appareat,
585 2570 717 2626 Gregorium
725 2572 765 2622 soli
778 2568 945 2614 tituloninrium

25 2645 121 2704 pretium
148 2640 293 2712 statuisset),
325 2669 350 2698 ca
385 2660 460 2698 tamen
490 2656 585 2712 produnt
617 2653 724 2697 sentiendi
752 2651 863 2693 ¹rationem
893 2665 944 2696 vere

24 2751 183 2764 ...ena—a.-

49 2811 73 2860 9)
90 2809 111 2849 Id
125 2811 215 2859 Gregorio
229 2823 299 2862 quoquo
315 2830 325 2854 a
337 2818 427 2858 Mauricio
440 2819 522 2870 augusto
541 2819 672 2869 exprobratum
686 2819 718 2855 est.
747 2814 778 2853 nd
790 2813 836 2852 haec
848 2813 943 2861 rospondit
