1999 2998
417 91 418 94 ‘
444 92 571 157 „aa

44 209 176 263 Aguoscebat
193 210 262 262 enim,
283 209 417 253 solummodo
434 212 544 254 hominum
562 210 643 252 ratione
662 207 733 250 habita
752 206 856 264 temporis
872 207 966 248 mentio-

45 306 93 333 nem
115 291 171 343 lieri,
206 305 271 346 quum
292 291 351 332 Deus
368 293 413 348 ipse
434 294 537 349 temporis
555 276 658 333 limitibus¹
680 305 720 332 non
741 286 965 332 circumscriberetur.

44 374 142 426 „Scimus
157 374 207 428 quia
224 373 271 413 Deo
283 372 392 428 saltarum
409 374 460 414 nihil
479 381 522 424 est,
535 381 594 420 ¹,ante
610 373 671 426 cujus
686 373 757 414 oculos
773 370 888 429 praeterita
905 367 965 408 nulla

43 462 98 506 sunt,
115 454 233 509 praesentia
250 468 291 494 non
308 458 431 505 transeunt,
460 450 535 495 futura
552 466 593 493 non
610 454 707 495 veniunt:
732 455 813 510 qnippe
829 453 878 508 quia
896 462 963 491 omne

44 536 100 591 qnod
122 534 181 575 nobis
191 535 242 589 fuit
257 540 278 574 et
293 534 350 583 erit,
369 534 389 574 in
407 534 451 588 ejus
468 540 583 590 conspeetu
594 540 691 590 praesto
709 541 754 583 est3
785 542 807 577 et
822 547 885 575 omne
901 530 961 586 quod

43 630 142 671 praesens
157 622 197 665 est,
219 615 274 655 sciri
288 620 357 669 potest
372 616 518 671 potiusquam
531 616 652 672 praesciri.
668 639 694 646 -
711 617 766 670 Quia
787 631 811 657 ca
828 626 882 669 quae
899 610 961 651 nobis

42 696 114 738 futura
128 702 176 737 sunt
194 696 258 747 videt,
274 709 327 751 quae
344 701 415 737 tamen
433 697 470 751 ipsi
487 710 572 752 semper
588 705 673 753 praesto
689 704 747 750 suut,
763 696 886 753 praescius
902 691 960 732 dici-

43 786 85 830 tur,
100 764 195 832 quamvis
211 789 344 830 nequaquam
363 773 459 817 futurum
477 778 607 832 praevideat,
624 779 682 834 quod
700 780 798 832 praesens
814 776 875 819 videt.
902 773 959 814 Nam

44 867 65 899 et
80 870 175 911 quaeque
194 861 254 906 sunt,
282 868 323 895 iton
344 855 366 895 iu
388 857 513 898 aeternitate
530 860 572 912 ejus
590 860 638 900 ideo
657 859 753 900 videntur
768 859 817 913 quia
834 862 888 906 sunt,
920 852 958 894 seal

43 938 93 978 ideo
108 943 162 988 sunt,
179 936 229 990 quia
251 936 355 977 videntur.
388 936 445 978 Dum
464 950 516 991 ergo
532 938 558 978 ad
574 939 639 981 verba
657 939 800 981 mutabilitatis
816 944 898 979 nostrae
916 935 957 974 de-

42 1018 160 1069 scenditur,
182 1031 210 1057 ex
226 1017 250 1058 iis
265 1015 391 1072 quibusdam
407 1019 507 1073 gradibus
526 1016 585 1060 factis
604 1022 705 1064 ascendat
725 1022 760 1076 qui
783 1025 850 1076 potest
872 1016 899 1057 ad
920 1015 957 1055 in-

44 1098 257 1141 commutabilitatem
273 1098 325 1150 Dei,
348 1090 373 1141 ut
389 1100 458 1143 videat
475 1122 505 1132 -
522 1102 569 1143 sine
580 1103 763 1157 praevisionibas
780 1100 955 1157 praescientem.

41 1181 64 1221 ln
80 1178 115 1220 illo
130 1180 186 1220 enim
204 1193 244 1219 nec
258 1180 384 1234 praeterita,
408 1194 448 1222 nec
465 1179 538 1224 lutura
550 1184 639 1238 reperiri
656 1190 742 1239 queunt,
764 1183 804 1223 sed
818 1183 893 1219 cuncta
908 1189 958 1215 mu-

41 1260 114 1303 tabilia
128 1259 290 1301 immutabiliter
304 1261 393 1313 durant,
410 1269 431 1303 et
449 1265 541 1316 quaein
559 1278 582 1304 se
598 1264 649 1319 ipsis
665 1263 727 1304 simul
742 1263 834 1303 existere
849 1271 889 1299 non
907 1270 958 1310 pos-

42 1349 103 1393 sunt,
120 1342 149 1382 illi
165 1341 230 1382 simul
247 1342 315 1383 omnia
335 1341 446 1393 assistunt,
471 1343 567 1399 nihilque
587 1344 608 1384 in
626 1344 663 1384 illo
679 1345 781 1399 praeterit
796 1340 851 1397 quod
869 1338 957 1387 transit,

42 1425 91 1478 quia
107 1423 127 1463 in
145 1424 272 1464 aeternitate
290 1423 347 1477 ejus,
370 1424 434 1464 modo
452 1425 549 1479 quodam
563 1424 787 1480 incomprebensibili,
803 1426 877 1463 cuncta
892 1416 955 1458 volu-

42 1504 98 1544 mina
114 1504 247 1544 saeculorum
265 1503 395 1546 transeuntia
410 1511 504 1556 manent,
522 1506 627 1546 currentia
642 1507 717 1546 stant.“
749 1505 806 1546 Mor.
821 1500 868 1542 XX.
886 1498 922 1544 [53.

108 1585 211 1638 Quamvis
232 1591 300 1625 autern
321 1585 439 1625 secundnm
460 1585 562 1640 loquendi
581 1586 668 1625 modum
687 1585 809 1625 horninibus
829 1581 956 1622 familiarem

41 1665 206 1720 praedestinatio
223 1662 364 1720 praescienti&
383 1664 423 1705 Dei
443 1666 534 1717 nitatur,
551 1666 716 1720 praedestinatio
731 1673 803 1707 tamen
817 1664 860 1718 ipsa
876 1662 956 1702 liuma-

40 1759 89 1785 nam
106 1745 209 1785 rationem
225 1745 361 1795 transcendit,
381 1758 420 1784 nec
436 1758 447 1783 a
463 1745 534 1796 nobis,
553 1745 569 1784 si
586 1746 612 1785 de
626 1745 714 1799 singulis
729 1745 828 1799 gentibus
845 1748 865 1782 et
881 1740 956 1780 lierni-

41 1825 80 1865 bus
94 1826 210 1879 quaeritur,
227 1825 337 1879 dijudicari
356 1830 432 1878 potest,
447 1825 494 1879 quis
506 1832 633 1878 assumatur,
650 1826 697 1880 quis
712 1825 849 1879 relinquatur.
879 1821 953 1862 Deum

40 1913 112 1947 autem
130 1906 207 1959 justum
223 1907 299 1961 injuste
317 1918 382 1961 agere
398 1918 440 1945 non
458 1919 533 1960 posse,
554 1912 613 1947 extra
634 1906 701 1947 omnis
721 1903 866 1960 disputationis
883 1900 952 1941 aleam

40 1994 71 2028 est
87 1988 184 2042 positum.
217 1987 240 2028 ld
256 2002 267 2028 a
284 1986 391 2041 Gregorio
407 1992 478 2028 nostro
494 1987 566 2028 multis
580 1987 632 2028 locis
649 1986 772 2027 inculcatur·

104 2067 193 2119 „Quum
215 2068 267 2109 haec
288 2074 337 2109 ante
358 2066 434 2107 mentis
459 2067 532 2108 oculos
553 2068 652 2109 continua
676 2068 802 2121 cogitatione
820 2061 952 2105 revolvimus,

39 2147 96 2188 duris
113 2147 168 2187 taciti
187 2148 346 2200 quaestionibus
366 2161 472 2200 urgemur,
490 2162 528 2188 cur
546 2149 679 2202 omnipotens
696 2149 754 2188 Deus
772 2144 871 2193 condidit,
886 2152 950 2194 quem

38 2228 156 2283 periturum
171 2239 218 2268 esse
235 2223 363 2281 praescivit?
387 2239 425 2265 cur
444 2228 471 2278 is,
493 2228 529 2281 qui
549 2240 631 2269 summe
648 2233 722 2280 potens
741 2235 762 2268 et
783 2238 864 2267 sunrme
881 2222 950 2261 bonus

38 2317 80 2360 est,
105 2321 239 2364 nequaquam
261 2305 325 2349 voluit
347 2305 454 2347 hominem
473 2307 538 2348 talem
557 2305 639 2358 facere,
665 2308 699 2361 qui
717 2309 788 2362 perire
805 2318 845 2347 nou
861 2297 949 2357 posset?

38 2391 110 2444 Quum
128 2402 180 2430 uero
197 2388 252 2428 haec
271 2387 333 2429 tacita
358 2401 418 2427 triens
439 2389 566 2441 interrogat,
587 2394 651 2441 pavet
670 2401 696 2428 ne
713 2389 757 2442 ipso
779 2381 951 2437 interrogationis

37 2468 90 2511 ausu
106 2471 126 2511 in
144 2468 273 2524 superbiam
285 2474 392 2522 erumpat:
419 2483 482 2523 seque
501 2468 609 2509 humiliter
624 2470 755 2523 comprimit,
775 2475 797 2509 et
814 2463 954 2518 cogitationes

36 2552 150 2606 restringit.
178 2550 222 2592 Sed
238 2563 262 2589 eo
279 2549 363 2603 gravius
380 2546 486 2602 affligitur,
504 2559 546 2604 quo
564 2549 618 2590 inter
635 2549 690 2589 mala
703 2563 756 2603 (quae
772 2548 868 2595 sustinet,
886 2543 954 2585 etiam

36 2631 64 2670 de
90 2630 215 2673 conditionis
237 2644 287 2671 suae
317 2629 439 2670 abscondito
467 2630 577 2671 intellectu
605 2631 733 2671 orticiaturf‘
761 2631 818 2672 lllor·
840 2625 888 2668 XV.
918 2625 953 2665 51.

34 2710 173 2766 „Superjecto
191 2712 283 2768 quodam
298 2710 429 2765 ignorantiae
446 2718 531 2754 nostrae
547 2709 658 2763 velamine,
675 2707 952 2769 incomprehensibilitatem
