1999 2998
423 110 551 200 gar...

22 242 197 303 mandavimus,
207 230 280 304 error,
302 244 415 305 taedium,
436 251 509 295 omniu
527 249 592 307 igitur
608 241 662 293 liaed
672 242 743 292 -mnla‘
761 241 851 303 elapsu
860 268 862 270 ·
871 236 950 289 ddum}

22 333 140 376 secundum
156 331 287 388 Gregorius]
305 313 450 389 pullulabunt,
468 339 492 376 et
505 332 628 377 universum
643 345 711 388 genus
725 330 847 377 humanum
865 324 951 370 afficie-

16 414 80 459 bant·
107 415 179 458 Vitem
197 426 248 469 ergo
266 400 384 456 humanam
400 420 540 482 praesentem
553 414 670 456 caecitatis
687 413 776 455 exilium
794 405 899 469 appellat,
926 409 951 452 in

22 490 84 553 quoa
96 496 162 538 homo
176 495 197 537 in
212 495 283 550 lapsus
301 507 393 549 poenam
409 508 421 536 e
436 494 530 551 paradisi
547 493 625 550 gaudio
642 495 740 555 det-rusus
757 495 792 537 sit.

40 601 42 605 ι
81 579 195 633 „superna
217 574 285 633 gratia
305 573 336 618 ab,
356 576 465 634 originali
488 576 602 618 coecitate
623 573 733 617 hominem
754 568 786 617 ad
810 573 946 617 intellectum

22 647 135 702 reformat.
154 655 217 698 Nam
237 637 287 710 quia
301 668 314 695 a
330 656 421 710 paradisi
434 657 522 713 *gaudiis
539 655 692 712 expulsumin
709 655 751 698 hoc
766 657 808 711 jam
820 655 889 698 exilio
904 668 947 697 na-

22 747 76 783 tura.
85 721 160 789 edidit,
173 735 232 791 quasi
246 750 258 777 a
272 734 384 779 nativitate
400 734 464 780 homo
478 739 529 781 cine
546 736 618 780 aculis
636 736 746 792 processit.
763 759 791 769 -
820 736 947 782 Divinitatis

23 817 175 873 contemplatio
195 828 281 856 sensum
299 815 389 873 tangit,
404 817 442 859 sed
463 819 528 873 plone
547 824 643 861 mentem
666 829 711 858 non
730 815 810 875 reficit3
841 819 945 876 quoniam

23 896 121 955 perfecte
143 894 226 936 animus
248 894 374 950 conspicere
392 909 440 939 *non
459 900 530 952 valet,
556 899 614 955 quod
633 896 706 939 'adhuc
729 891 784 954 qnia
799 900 873 958 caligo
891 914 945 943 con·-

23 969 136 1036 ruptionis
152 974 270 1032 praepedit,
285 975 363 1031 raptim
378 978 458 1022 videt·“
486 980 544 1023 Mor.
560 960 616 1023 Vlll.
632 979 667 1020 4ο.
695 962 764 1031 „Non
779 979 828 1031 illa,
843 980 945 1024 videlicet

24 1071 139 1103 consensus
155 1055 182 1098 ad
199 1055 294 1111 culpam,
312 1051 371 1112 quac
387 1059 420 1102 ool
435 1074 475 1103 nos
485 1040 675 1121 prirnipnrenlis
693 1065 729 1103 est
747 1073 843 1104 arcessa
854 1074 944 1117 propa-

21 1131 103 1199 gat-a,
117 1122 311 1203 mentis'nostrae
323 1139 412 1181 oculum
427 1145 493 1184 tanta
512 1141 649 1185 obscuritate
664 1139 770 1197 perculit,
798 1147 823 1183 ut
840 1141 863 1182 in
879 1139 946 1195 hujus

23 1205 85 1265 uitae
95 1201 172 1281 exilio,
183 1242 184 1245 =
197 1211 304 1260 caecitatis
320 1232 372 1262 snae
387 1218 481 1282 tenebris
499 1236 596 1278 pressus,
621 1221 755 1278 quantalibet
773 1220 796 1263 vi
816 1218 965 1264 aeternitatis

24 1304 98 1344 lumen
115 1298 238 1351 intenderit,
254 1285 372 1354 penetrare¹
386 1314 429 1342 non
445 1303 518 1357 possit.
535 1323 565 1334 -
586 1301 660 1356 Quum
674 1301 701 1343 ad
717 1313 824 1357 supernae
840 1300 892 1343 lucis
907 1314 946 1344 ro-

25 1384 84 1425 dium
100 1380 168 1423 aciem
184 1380 262 1422 mentis
279 1379 390 1440 erigimus,
403 1382 453 1438 'ipsa
470 1381 601 1426 infirmitatis
616 1385 705 1425 nostrae
717 1373 848 1424 obscuritate
863 1381 945 1437 caliga-

25 1477 93 1506 mus,
112 1461 176 1504 Multi
190 1483 219 1493 -
233 1484 262 1495 -
278 1461 412 1518 quantalibet
430 1463 578 1506 coruscatione
594 1463 663 1520 operis
681 1452 792 1518 fulgeant,
811 1461 946 1518 quantolibet

25 1557 48 1586 se
64 1543 114 1598 igne
129 1541 297 1597 compunctionis
314 1542 441 1598 accendant,
462 1544 566 1585 nimirum
583 1545 676 1595 constet,
701 1542 752 1598 quia
769 1543 821 1585 dnm
836 1542 948 1598 corrupti-

25 1623 63 1665 bili
78 1622 149 1665 odh'uo
163 1635 226 1664 carne
242 1623 325 1677 gravati
339 1630 398 1676 sunt,
412 1630 525 1666 aeternum
534 1606 630 1676 bonum,
646 1624 700 1666 sicut
718 1629 758 1676 est,
774 1623 848 1665 videre
863 1635 948 1679 nequa-

26 1717 89 1761 quam
106 1709 208 1763 possunt.
225 1725 253 1735 -
271 1704 342 1759 Saepe
357 1705 386 1746 ita
404 1718 464 1747 mens
481 1703 618 1753 accenditur,
644 1711 668 1746 nt
684 1704 783 1759 quamvis
799 1704 821 1744 in
838 1717 901 1745 carne
919 1704 948 1747 sit

26 1777 100 1843 posita,
116 1784 138 1824 in
153 1783 223 1824 Deum
242 1790 314 1825 tamen
336 1786 394 1826 omni
411 1776 523 1840 subjugata
537 1783 618 1826 carnali
626 1784 763 1840 “cogitatione
777 1782 881 1837 rapiatnr5
903 1796 945 1825 nec

26 1875 99 1911 tannen
115 1866 187 1906 Deum
202 1864 256 1905 sicut
272 1869 310 1905 est,
320 1862 496 1921 conspicitfquio
513 1864 574 1906 hanc
590 1864 693 1907 nimirum
707 1864 817 1907 incarne
831 1864 945 1921 corrupti·

28 1949 66 1992 bili
78 1946 171 2005 pondus
183 1946 277 2000 primae·
292 1944 444 1992 damnationis
457 1946 563 2001 pr·cmit.“
584 1938 628 1989 tn
637 1946 674 1988 45.

88 2027 243 2082 „inter-opaca
255 2039 373 2068 nemorum,
384 2026 451 2068 latere
465 2027 534 2070 voluit
549 2027 639 2084 (primus
653 2022 737 2085 homo),
754 2030 779 2068 ut
792 2038 820 2067 ex
833 2025 874 2068 hcc
889 2034 947 2083 quoi

28 2121 69 2166 qne
85 2092 186 2163 patenter
196 2106 328 2150 'ostenderet
342 2121 399 2164 quas
414 2109 533 2151 caecitatis
549 2107 642 2151 umbras
658 2105 748 2151 interius
766 2107 891 2162 pertulisset·
921 2106 945 2148 Si

28 2188 85 2231 enim
101 2186 125 2229 in
137 2181 274 2234 *ambranos
291 2195 355 2239 esset,
372 2173 443 2230 Deum
459 2177 506 2230 esse
517 2188 608 2230 localem
625 2201 667 2230 non
681 2169 789 2239 crederet,
804 2201 844 2229 nec
859 2186 884 2228 ab
899 2168 946 2242 ej'us

29 2262 204 2324 ocutis‘putarct
227 2280 250 2309 se
272 2266 387 2321 abscondi,
412 2282 425 2310 n
443 2281 487 2324 quo
506 2268 656 2311 sciretetiam
675 2266 746 2309 cordis
766 2267 848 2309 occulta
870 2268 946 2311 videri.

30 2350 141 2405 Quaesivit
156 2334 207 2404 ergo
219 2347 322 2391 ,umbram
337 2348 442 2405 corporis,
457 2348 493 2404 qui
510 2348 570 2405 prius
586 2349 680 2391 incurrit
695 2347 801 2390 umbram
817 2348 901 2390 moritis.
915 2369 948 2381 -

29 2430 114 2475 Asinaria
131 2426 231 2484 refriguit
247 2417 390 2483 incendium,
402 2429 517 2488 caligavit
529 2429 639 2483 claritas,
659 2426 741 2473 defecit
756 2428 828 2474 visio.“
855 2427 949 2485 Explan.

30 2513 99 2569 quinti
116 2508 194 2553 Psalmi
211 2510 290 2565 poenit.
311 2507 331 2565 d.
348 2510 384 2550 18.
453 2566 455 2568 ι

25 2618 26 2621 =
92 2592 155 2648 „lpse
170 2603 229 2633 mens
242 2595 315 2632 nostra
331 2603 343 2632 a
358 2588 433 2632 secreti
451 2587 561 2631 interioris
579 2603 653 2633 securo
665 2587 747 2645 gaudio
764 2587 861 2642 exclusa,
885 2590 953 2633 modo

31 2684 69 2727 spe
83 2671 199 2727 decipitur,
216 2672 278 2714 modo
295 2683 375 2728 pavore
392 2676 491 2722 vexatur,
512 2671 577 2712 modo
591 2671 664 2713 dolore
682 2669 794 2725 dejicitur,
818 2671 884 2713 modo
901 2669 953 2713 falsa

35 2751 150 2802 hilaritate
163 2752 281 2806 relevatur,
309 2750 430 2795 transitoria
446 2751 586 2808 pertinaciter
605 2751 685 2809 diligit,
707 2765 830 2809 eorumque
847 2752 957 2795 amissione

674 2831 685 2874 l
