1999 2998
436 89 562 155 na...

40 204 171 255 incessanter
187 201 290 260 atteritur,
307 203 359 264 qnia
375 214 398 252 et
412 204 542 250 incessanter
555 210 619 251 cursu
633 193 734 264 rapiente
747 200 888 263 permutauit.
908 192 964 254 'Re-¹

39 294 81 336 bus
97 282 167 334 autem
181 288 321 332 mutabilibus
336 290 434 344 subdita,
457 296 479 333 et
495 290 636 357 ascrnetipsa
650 288 752 333 variatur.
784 287 839 340 Nam
854 302 963 345 quaerens

39 375 97 430 quod
114 385 157 414 non
170 370 247 424 habet,
269 364 332 413 anxia
350 372 451 429 percipit,
480 385 589 429 quumque
606 371 649 414 hoc
664 367 869 427 liaberecoeperit,
888 371 963 415 taedet

38 454 95 495 hauc
110 454 232 510 percepisse
249 453 312 507 quod
327 442 446 508 quaesivit(
467 451 531 495 Amat
549 458 614 509 saepe
632 453 691 514 quod
712 451 849 509 despexerat,
871 451 964 507 despicit

39 536 100 591 quod
118 533 208 576 amabat.
229 521 390 576 'Cura-labore
404 545 459 588 quae
471 538 558 575 aeterna
570 540 620 576 sunt
635 533 709 588 discit,
723 533 763 596 sed
779 532 855 580 horum
871 528 964 588 repente

39 615 182 666 obliviscitur,
203 614 221 655 si
234 613 335 657 laborare
352 614 444 657 desierit.
474 613 518 657 Diu
534 614 630 670 quaerit,
649 619 673 655 nt
689 627 766 670 parum
784 614 835 670 quid
855 613 882 656 de
899 627 963 660 sum*

38 697 79 738 mis
97 696 203 750 inveniat,
230 697 272 738 sed
288 698 317 739 ad
334 701 436 738 consueta
455 695 517 736 citius
533 694 644 749 relabens,
671 706 712 736 nec
727 708 803 751 parum
819 695 841 737 in
856 694 890 737 his
906 706 963 750 qnae

38 776 134 830 intcnit,
157 784 287 833 perseverat.
322 767 411 819 Erudiri
428 783 543 833 appetens,
573 777 609 820 uir
629 775 691 818 suam
705 776 847 831 ignorantiam
863 781 963 831 superat,

39 857 80 899 sed
95 857 189 911 erudita,
219 860 303 914 gravius
321 864 396 900 contra
413 857 514 900 scientiae
531 856 621 912 gloriam
642 863 731 912 pugnat.
768 856 810 900 Vix
826 857 893 899 carnis
910 872 962 900 snae

38 936 79 985 sibi
97 938 234 991 tyrannidem
250 939 347 994 subjicit3
362 916 401 1000 sed
416 944 488 981 tamen
505 931 574 978 atilius
591 936 650 978 intus
664 935 740 991 culpae
757 936 859 990 imagines
876 937 962 991 tolerat,

39 1019 99 1072 cujus
113 1015 161 1074 jam
172 1016 224 1060 foris
241 1032 307 1075 opera
323 1018 431 1062 vincendo
444 1017 559 1059 restrinxit.
588 1017 613 1059 In
629 1015 724 1058 auctoris
740 1015 773 1080 sui
781 1015 923 1076 inquisitione
937 1031 961 1060 se

41 1099 116 1153 erigit,
131 1099 169 1140 sed
183 1099 343 1144 reverberatam
358 1098 423 1151 lianc,
439 1109 589 1153 corporearum
603 1109 679 1140 rerum
696 1096 764 1139 amica
782 1098 849 1155 caligo
864 1094 961 1162 censuu-

41 1180 96 1222 dttf‘
113 1187 154 1226 cet.
171 1180 226 1222 lllor.
236 1181 292 1224 Vlll.
312 1182 349 1223 54.
366 1180 492 1233 „Seclusum
510 1178 537 1220 ab
551 1177 641 1221 internis
650 1179 738 1235 ‘gaudiis
751 1192 818 1234 genus
833 1178 960 1241 humanum,

41 1262 150 1318 erigente
166 1261 234 1316 culpa,
251 1262 331 1303 urentis
346 1263 422 1304 oculos
433 1254 549 1317 perditun
567 1265 589 1301 et
603 1272 647 1315 quo
661 1261 787 1303 meritorum
803 1273 890 1303 suorum
908 1273 959 1315 pns-

39 1341 98 1383 sibus
114 1341 218 1395 graditur,
238 1342 320 1382 nescit·
348 1342 420 1396 Saepe
435 1340 492 1381 enim
509 1340 588 1381 donum
603 1341 744 1395 gratiae-est,
770 1336 905 1401 quodirain
915 1341 960 1381 de-

38 1426 112 1478 putat,
127 1427 149 1463 et
166 1434 229 1477 saepe
245 1420 331 1463 divinae
347 1419 484 1462 districtionis
496 1419 527 1460 ira
536 1425 573 1473 est,
590 1421 649 1476 quod
662 1424 753 1477 gratiam
768 1429 870 1480 putat-
885 1420 960 1463 Homo

40 1501 67 1542 ab
87 1502 179 1544 aeternis
197 1501 282 1556 gaudiis
299 1499 369 1542 semel
389 1500 491 1555 expulsus
507 1523 537 1535 -
556 1502 622 1544 dicat:
656 1503 773 1559 Postquam
795 1502 862 1546 semel
883 1506 960 1557 sponte

40 1581 114 1623 oculos
130 1582 225 1638 perdidi,
252 1581 353 1638 quoniam
371 1569 480 1637 quaesitae
496 1574 563 1624 noctis
579 1583 706 1640 eaecitatem
722 1584 802 1639 patior,
828 1597 868 1625 nec
887 1588 959 1623 ortum

37 1663 89 1716 jaus,
106 1675 147 1702 nec
162 1643 259 1703 occasum
277 1661 327 1702 solis
343 1674 442 1715 agnosco.
459 1683 489 1692 -
502 1660 581 1715 Homo,
595 1663 631 1718 qui
648 1662 777 1706 infirmitatis
791 1660 859 1719 poenai
874 1661 960 1718 pren-iit*

38 1750 81 1794 tur,
95 1739 217 1784 'caecitatis
231 1755 287 1784 sitae
303 1742 407 1799 caligine
423 1744 539 1797 gratatur“
555 1749 594 1785 etc.
616 1743 656 1784 lX.
670 1756 707 1784 20.
727 1745 780 1799 „En
793 1757 863 1801 paena
881 1723 959 1800 cnlpae

39 1820 79 1875 est,
93 1822 167 1865 videre
182 1821 262 1864 bouum
278 1823 336 1878 qnod
350 1836 416 1879 agere
430 1822 519 1877 debent,
539 1817 647 1867 tatamen
661 1824 753 1880 implere
770 1840 813 1867 nou
826 1838 895 1881 posse.
924 1822 960 1865 Et

38 1914 126 1945 rursum
140 1916 169 1944 ear
182 1904 288 1960 graviori
299 1895 378 1960 poena
394 1905 476 1960 eubaae
492 1910 534 1955 cst,
550 1905 695 1962 praelegere
712 1905 802 1957 debeat,
818 1892 959 1948 reccidere.

39 1982 105 2026 Unde
121 1989 142 2024 et
156 1989 230 2024 contra
242 1982 298 2047 ¹haec
315 1989 409 2039 utraque
426 1984 546 2039 psalmistae
563 1986 613 2041 (27,
631 1983 653 2042 1)
676 1998 729 2027 voce
745 1986 832 2027 dicitur:
852 1986 960 2029 Dominus

38 2047 168 2114 illuminatio
187 2060 245 2115 mea,
267 2070 289 2105 et
305 2064 362 2106 salus
377 2077 433 2109 mea.
469 2064 549 2107 Contra
564 2065 698 2121 ignorantiae
714 2065 771 2105 enim
790 2057 889 2108 tenebras
905 2066 960 2108 ittu-

38 2141 136 2196 miuatio,
153 2151 226 2187 contra
240 2142 385 2187 infirmitatem
402 2150 454 2188 'tero
469 2145 525 2187 salus
540 2153 571 2188 est
584 2146 704 2197 Dominus,
728 2146 812 2201 quaudo
828 2153 850 2188 et
865 2147 960 2189 ostendit

39 2225 93 2281 quid
112 2225 191 2268 debeat
207 2226 235 2267 ad
250 2226 358 2281 agendum
376 2226 472 2282 perpeti,
499 2232 521 2268 et
539 2227 594 2270 uires
612 2224 705 2284 praebet
721 2231 745 2266 ut
759 2226 816 2280 quod
834 2228 959 2280 ostenderit,

37 2306 227 2363 possit-irnpleri.“
258 2307 315 2349 XIV.
333 2307 371 2347 41.
403 2307 463 2358 „Qui
476 2306 588 2348 illuminati
603 2320 669 2360 agere
686 2312 745 2347 reete
761 2291 881 2361 noluerunt,
893 2306 959 2362 juste

40 2387 131 2440 enecati
147 2384 307 2427 adlicefacinnt
322 2381 382 2426 unde
393 2385 484 2439 sinplius
498 2374 571 2441 puniri
583 2388 730 2429 mereantnrt‘
744 2386 814 2431 XXV.
824 2389 858 2430 25.
873 2389 959 2441 „Recta

41 2481 100 2510 mena
116 2474 188 2521 staret,
205 2467 222 2509 si
239 2480 281 2508 uon
295 2480 318 2507 se
337 2465 456 2508 innumeris
469 2466 561 2509 motibus
575 2467 634 2510 fluxa
648 2467 792 2512 mutabilitate
806 2473 958 2524 prosterneret.

42 2546 85 2587 Sed
102 2549 152 2589 dum
172 2563 229 2590 nunc
246 2548 285 2589 ista
307 2553 436 2604 pertractat,
460 2561 516 2590 nunc
533 2548 561 2590 ad
583 2547 624 2589 alia
649 2537 763 2601 dilabltur,
786 2548 845 2602 quasi
865 2560 905 2602 per
919 2547 958 2590 10„

39 2640 116 2668 corum
133 2629 289 2671 multitudinem
310 2627 338 2670 ab
356 2633 412 2672 statu
428 2639 481 2670 suae
497 2628 631 2670 rectitudinis
650 2627 777 2681 inclinatur,
807 2632 829 2669 et
847 2627 897 2669 dum
915 2642 957 2686 per

36 2708 102 2766 plura
115 2719 139 2749 se
154 2709 228 2761 tendit,
243 2710 269 2753 ab
285 2724 335 2766 uua,
353 2709 388 2754 cui
403 2708 523 2755 adhaerere
538 2708 619 2764 debuit,
634 2706 755 2752 intentione
771 2721 794 2754 te
807 2706 883 2769 dejicit.
908 2711 960 2771 Qui
