1999 2998
451 61 577 131 ,ΑΙ-5..

57 184 119 233 done,
136 181 190 223 alius
206 182 322 239 repellatur
338 197 363 226 ex
378 184 461 226 merito.
477 185 612 240 „conatuum
629 181 732 227 summae
748 187 769 225 et
785 181 887 223 occultae
903 183 977 224 vura-

57 264 85 303 tis
106 263 233 319 sntisfiretio
248 262 281 317 fil
301 272 395 322 apertae
419 267 518 310 rationis,
563 267 625 308 Unde
644 273 666 308 et
685 266 706 306 in
725 262 845 319 Evangelio
864 262 977 313 Dominus,

56 358 119 399 quum
135 345 163 385 de
180 344 241 399 hujus
258 345 289 386 rei
305 360 366 387 causa
381 347 515 402 loqueretur,
534 348 565 390 ait
586 346 670 404 (nunu.
689 361 722 400 11,
739 346 787 399 25):
810 343 921 387 Confiteor
939 341 978 382 tibi

55 433 113 483 pater
130 425 224 467 Domine
239 426 292 467 coeli
310 433 330 467 et
347 433 424 478 terme,
440 427 487 482 quia
504 427 632 469 abscondisti
647 427 701 468 haec
717 442 727 468 a
741 426 873 482 sapientibus
887 430 908 466 et
919 436 977 479 pru*

56 505 164 559 dentibus3
181 513 202 546 et
217 506 314 547 revelasti
331 520 355 546 ea
372 505 471 560 paruulis.
494 505 564 563 Atque
581 521 630 549 mox
646 514 754 564 tamquam
770 509 876 551 rationem
894 517 975 561 quam·-

55 587 102 627 dam
122 585 264 627 absconsionis
285 592 307 628 et
324 586 458 629 revelationis
476 587 604 643 adjungens,
625 588 663 629 ait:
692 589 746 643 Quia
762 590 792 630 sic
809 588 851 630 fuit
868 587 972 644 placitum

56 674 103 708 ante
121 673 148 707 tc.
187 665 268 718 Quibus
286 666 385 708 nimirum
402 668 472 709 verbis
489 670 587 725 exempla
604 669 741 720 humanitatis
754 671 877 725 accipimus,
893 682 922 710 ue
940 673 973 708 te-

55 761 116 789 mere
133 748 248 788 discutere
266 761 367 802 superno
385 749 480 789 consiliu
496 750 523 792 de
541 751 636 792 oliorum
651 750 778 800 uacatione,
800 751 895 792 aliorum
913 762 971 790 vero

56 829 185 883 repulsione
194 839 381 879 praesumamus.
417 828 490 880 Quum
510 830 568 870 enim
589 830 694 871 intulisset
710 836 834 885 utrumque,
858 845 898 872 uon
920 843 973 871 mou

56 908 160 948 rationem
179 905 282 958 reddidit,
309 891 347 946 sed
365 907 394 948 sic
410 907 459 949 Deo
474 908 574 963 placitum
591 910 654 960 dixit,
680 909 720 949 hoc
738 910 837 952 uidelicet
851 912 972 963 ostendens,

57 987 112 1043 quod
129 984 236 1040 injustum
257 1000 307 1029 esse
324 1001 367 1029 nou
376 994 464 1044 polest,
484 990 544 1046 (procl
560 990 647 1044 placuit
660 988 729 1043 justa
771 991 793 1031 In
815 993 893 1032 cunctis
913 1005 970 1046 quae

57 1068 147 1110 exterius
164 1067 318 1122 disponuntur,
341 1075 414 1123 operta
433 1083 494 1110 causa
513 1069 601 1111 rationis
618 1076 648 1111 est
665 1070 759 1111 occultae
775 1070 854 1125 justitia
870 1072 971 1113 volunta-

55 1151 103 1192 tis.“
130 1148 187 1189 Mor.
202 1147 270 1191 XXV.
289 1150 326 1190 52.
343 1146 404 1189 Gonf.
421 1148 501 1192 XXIX.
519 1152 556 1203 57·
591 1148 665 1203 „Alius
684 1156 806 1191 secuturum
823 1151 971 1206 sepromittit,

57 1237 78 1272 ot
92 1229 215 1285 repellitur3
229 1228 281 1270 alius
297 1228 438 1270 relaxandum
455 1243 477 1271 se
492 1220 591 1286 postulat,
607 1237 627 1272 et
642 1230 753 1272 retinetur.
781 1232 847 1272 Unde
863 1232 912 1282 hoc,
931 1231 971 1271 nisi

57 1313 104 1366 quia
120 1324 191 1366 super
210 1310 299 1351 occulto
319 1311 394 1352 cordis
409 1311 486 1366 spallo
505 1323 647 1367 supernorum
664 1310 790 1365 judiciorum
808 1312 876 1353 lineae
891 1310 970 1351 tende-

57 1392 140 1443 bantur,
157 1397 181 1432 ut
197 1396 218 1432 ct
233 1390 291 1432 huno
308 1391 363 1432 intus
382 1390 607 1446 incomprehensibiles
623 1404 735 1432 mensurae
749 1392 928 1445 constringerent,
947 1396 969 1430 et

56 1473 92 1513 illc
107 1469 159 1512 foris
176 1484 218 1512 non
237 1472 315 1525 injuste
331 1474 474 1513 remanerem
492 1471 591 1515 XXVIII.
614 1471 646 1512 16.
686 1472 817 1523 „Doctorum
839 1472 905 1513 studia
928 1470 968 1511 sub

57 1552 146 1610 quadam
168 1554 248 1594 occulti
261 1551 347 1607 jradlciz‘
367 1554 522 1608 dispensatione
542 1554 677 1605 detinentur,
701 1561 723 1594 ut
745 1561 766 1595 et
783 1556 830 1595 aliis
848 1550 970 1606 legentibus

56 1633 155 1687 prodesse
173 1634 321 1689 nonpossint
339 1656 367 1683 -,-
384 1634 428 1674 Per
446 1632 668 1689 incomprehensibile
692 1633 736 1687 ejus
755 1633 859 1688 judicium
875 1639 895 1674 et
916 1631 970 1671 alter

55 1714 110 1754 intra
126 1726 248 1754 mensuram
264 1714 382 1754 electorum
402 1714 505 1765 mittitur,
529 1720 552 1754 et
567 1713 619 1754 aIter
635 1711 693 1752 toras
711 1713 848 1767 reIinquitur,
871 1719 893 1753 ut
908 1710 969 1750 nuIIo

56 1794 119 1834 modo
140 1794 168 1834 ad
183 1792 300 1834 electorum
320 1806 435 1833 numerum
457 1793 566 1846 pertinere
582 1795 711 1833 mereatur.“
746 1793 768 1833 In
788 1792 868 1833 mech,
890 1790 925 1831 Iib.
944 1790 968 1829 II.

56 1874 113 1914 hom.
132 1887 149 1913 1.
167 1870 185 1927 §-
204 1887 235 1914 11.
270 1872 393 1925 „Occultus
410 1872 498 1915 arbiter
517 1872 570 1914 alios
587 1873 701 1927 respiciens
717 1873 813 1924 redimit,
835 1872 885 1912 alius
902 1871 968 1910 dese-

57 1969 105 1995 rens
125 1954 217 2009 perditt‘
249 1954 305 1995 tuor.
327 1954 406 1996 XXIX.
427 1954 448 1994 4.
482 1954 538 2006 „Per
555 1953 663 1994 occultum
686 1954 786 2008 judicium
809 1955 826 1995 is
847 1954 881 2007 qui
895 1950 968 1991 elec-tis

57 2042 88 2077 est
103 2034 187 2087 lucifer,
205 2035 300 2091 reprobis
317 2035 449 2078 auditoribus
463 2032 486 2076 Iit
502 2046 588 2088 uesper:
604 2033 652 2088 quia
670 2034 817 2077 exhortatione
833 2039 907 2082 saneta,
925 2044 967 2084 qua

56 2116 106 2157 boni
123 2116 148 2156 ad
167 2116 230 2157 titum
247 2118 347 2167 redeunt,
365 2117 424 2172 pravi
441 2116 533 2157 deterius
551 2115 574 2154 in
590 2114 649 2169 culpa
665 2116 789 2156 moriuntur.
816 2114 878 2167 Quod
892 2111 967 2153 occul-

56 2199 84 2239 tis
102 2195 144 2238 Del
156 2193 251 2249 judiciis
269 2197 361 2252 agitur,
380 2209 438 2251 praue
456 2197 477 2236 in
493 2196 536 2236 hoc
552 2195 599 2235 vitra
618 2193 646 2234 ab
667 2194 789 2236 homiuibus
810 2190 968 2248 comprehendi

56 2293 99 2319 uon
109 2278 228 2334 possunt.“
248 2276 281 2330 76.
298 2275 375 2328 „Alius
392 2275 448 2315 male
463 2275 575 2327 inchoans,
594 2274 699 2328 usquead
715 2275 768 2316 vitae
784 2289 836 2315 suae
851 2271 968 2314 terminum

56 2359 82 2400 ad
101 2357 173 2413 pejora
192 2357 334 2414 protrahitur:
352 2355 403 2398 elius
418 2355 474 2397 bene
489 2356 603 2412 incipiens,
619 2369 657 2411 per
675 2354 828 2409 longitudinem
845 2360 968 2408 temporum

57 2438 137 2497 proficit
152 2438 181 2480 ad
198 2427 312 2493 augmenta
329 2433 462 2479 meritorum}
498 2436 525 2480 ht
543 2444 628 2488 contro,
651 2437 704 2478 alius
719 2437 771 2478 male
787 2438 859 2478 vivens
874 2434 911 2475 diu
930 2446 970 2474 re-

56 2528 163 2574 servatur,
184 2527 207 2561 ut
220 2533 242 2560 se
259 2518 362 2572 corrigat3
378 2517 432 2559 alius
448 2530 498 2560 vero
515 2519 573 2559 bene
590 2519 674 2574 quidem
691 2518 772 2559 videtur
787 2517 871 2568 vivere,
890 2515 929 2557 sed
947 2515 970 2565 in

55 2602 95 2642 hac
110 2605 150 2645 rita
167 2616 193 2644 eo
211 2615 275 2657 usque
294 2602 363 2652 durat,
379 2598 449 2654 quoad
463 2598 484 2638 in
500 2612 600 2653 perversa
617 2604 747 2653 prorumpat.
777 2597 838 2639 Alius
856 2598 878 2638 in
895 2610 970 2638 errore

54 2682 185 2732 infidelitatis
203 2691 274 2739 uatus,
295 2684 317 2726 in
336 2692 406 2723 erroro
427 2676 508 2736 deficitj
528 2679 582 2721 alias
598 2680 619 2720 Iu
634 2677 751 2720 catholicae
767 2676 819 2721 fidei
841 2679 969 2724 rectitudine
