1999 2998
486 113 516 155 43

42 227 150 272 nonnullis
165 228 214 274 viris
231 231 306 286 doctis,
320 231 413 274 maxime
433 232 607 286 Gussanrilleeo,
624 227 732 287 Gregorio
749 227 844 286 septimo
860 227 966 271 adscribi·

40 317 82 365 tur,
101 319 122 355 et
137 326 191 369 quae
208 312 280 355 ibide
298 313 455 367 „schismaticm
472 314 589 367 haeretico,
609 311 690 356 infideli
708 311 817 370 quodem“
835 308 963 364 efferuntur,

40 393 66 435 erl
80 393 200 435 Henricum
215 393 252 438 IV.
268 396 424 451 Imperatorem
440 395 541 449 Gregorii
558 395 605 439 Vll.
624 393 734 449 aequalem
754 400 776 437 et
795 392 836 449 ipsi
858 389 965 435 infensis·-

39 474 116 517 simum
134 472 280 527 referuntur„
302 474 345 516 Sed
366 476 532 529 commentarius
554 474 654 531 Gregorii
673 474 746 531 Magni
763 473 844 529 stylum
866 475 888 516 in
910 470 964 515 nni·

39 568 124 598 versum
150 556 217 611 sepit,
248 554 322 598 multis
345 561 418 598 temen
445 544 474 599 in*
493 556 545 599 loeis
573 553 742 611 interpolationis
765 555 856 612 vestigia
883 552 964 611 prod-it.¹

39 636 155 679 Claudium
171 636 235 679 etiem
257 649 306 678 eum
326 635 348 678 in
365 638 472 681 nonnullis
492 644 601 693 mutasse,
612 643 646 678 ver
663 636 751 691 epistola
764 637 850 680 laudate
865 640 964 692 apparet.

37 716 67 760 In,
80 718 155 760 eadem
177 716 266 772 epistole
284 717 447 770 „Pselmorum
467 715 658 763 commemorent
678 717 808 760 mentionem
827 715 880 760 facit
900 715 964 758 Gre-

37 798 110 853 gorius
129 798 162 839 his
178 797 260 840 verbis:
277 799 334 851 „Dic
351 782 495 852 Marinianor‘
514 796 623 856 (episcopo
634 796 770 857 Ravennae),
785 805 823 851 „ut
833 801 961 841 commenta
974 847 975 852 Ἰ

38 877 187 918 Psalmorum
205 876 249 934 legi
270 879 297 921 ed
314 878 396 934 vigilias
414 872 491 938 faciat,
525 894 581 936 quae
597 886 681 923 mentes
700 880 826 923 secularium
846 879 873 921 ed
890 877 960 920 bones

37 971 110 999 mores
127 958 244 1015 praecipue
264 958 405 1002 informant.“
444 939 488 1008 Seii
509 961 567 1004 heco
584 962 613 1004 de
635 961 736 1017 Gregorii
758 959 915 1003 commentariis
935 957 960 1000 in

37 1038 132 1080 Psalmos
149 1040 313 1096 poenitentiales
334 1054 377 1084 non
394 1013 475 1103 deberi
493 1043 572 1100 accipi,
596 1057 623 1086 en
639 1042 669 1100 iis,
683 1050 772 1100 apparet
787 1054 842 1099 quae
859 1025 960 1096 prodime

36 1125 162 1176 sequuntur.
194 1121 284 1178 „Neque
305 1123 362 1165 enim
378 1123 427 1167 volo
448 1106 500 1167 duln
519 1124 542 1165 in
561 1123 603 1166 hnc
618 1137 682 1166 cerne
697 1138 756 1178 sum,
787 1123 805 1165 si
822 1134 865 1177 qua
881 1117 962 1161 dixisse

36 1214 72 1242 me
86 1201 183 1257 contigit,
194 1215 225 1243 ee
240 1200 304 1245 facile
322 1203 444 1247 hominibus
464 1205 590 1248 innotesci.“
626 1204 735 1260 Significat
755 1206 828 1260 inque
849 1211 962 1243 commen-

36 1282 101 1324 tarios
116 1289 153 1325 aut
168 1280 196 1322 ab
211 1280 341 1339 Augustino,
366 1291 403 1333 aut
419 1284 446 1328 eb
461 1283 589 1342 Ambrosio,
618 1292 656 1330 aut
669 1285 696 1333 ab
711 1285 753 1329 alio
766 1284 871 1341 scriptore
888 1278 961 1330 eccle:

33 1361 121 1415 siastico
139 1362 255 1420 evulgatos.

460 1469 478 1529 §-
496 1475 532 1518 141

98 1546 226 1593 Concordia
251 1551 393 1608 quorundam
417 1551 595 1595 testimoniorum
621 1563 705 1594 sacrae
731 1550 868 1607 scripturae.
913 1544 958 1590 Hic

34 1626 92 1669 liber
110 1637 133 1672 et
149 1644 198 1673 cum
215 1633 325 1676 sententiis
339 1633 451 1689 Gregorii,
476 1640 563 1675 etcum
582 1631 683 1675 cretionis
698 1644 789 1689 genere,
813 1629 870 1686 quod
888 1628 908 1671 ei
926 1632 959 1669 est

33 1706 152 1761 familiare,
172 1714 270 1767 apprime
286 1714 400 1769 conspiret.
432 1711 577 1756 Conferentnr
596 1726 651 1768 quae
669 1713 692 1753 in
708 1712 846 1767 responsione
866 1711 893 1750 ed
910 1708 959 1764 pri-

34 1804 92 1831 mum
107 1791 297 1846 interrogationem
317 1795 344 1834 de
359 1795 439 1849 duplici
455 1795 533 1836 timore
549 1793 625 1833 iisdem
640 1788 688 1832 fere
705 1791 787 1843 verbis,
810 1772 956 1845 quibusmo-

27 1870 112 1916 ralium
130 1870 232 1915 XXXIV.
254 1872 303 1928 fros,
329 1872 472 1928 disputentur.
507 1873 550 1914 Sed
576 1872 617 1913 hoc
640 1884 683 1912 non
707 1871 796 1924 evincit,
822 1870 955 1926 Gregorium

34 1950 101 1994 luisse
115 1953 240 2009 scriptorem
256 1954 319 2010 hujus
335 1955 469 1998 concordiae.
498 1953 582 2007 Quidni
599 1952 670 2005 enim,
703 1959 726 1995 ut
742 1951 877 1995 Benedictini
897 1957 957 1994 recte

36 2041 126 2077 monent
141 2034 163 2075 in
178 2032 311 2091 praelatione
329 2036 355 2077 ad
372 2023 441 2091 illem,
452 2034 558 2093 quispiam
575 2034 597 2076 in
614 2033 655 2076 illis
666 2032 767 2090 operibus
785 2033 907 2078 evolvendis
921 2046 958 2074 esa

34 2114 115 2171 siduus,
138 2115 234 2170 potuerit
251 2129 278 2158 ex
295 2117 392 2172 ejusdem
409 2124 455 2161 tum
469 2117 587 2176 sententiis,
606 2123 653 2165 tum
668 2114 732 2160 etiam
747 2114 818 2160 verbis
831 2114 955 2175 opuscrdum

33 2192 74 2237 hoc
91 2200 208 2237 contexere
225 2203 247 2240 et
263 2195 427 2242 consarcinare?

462 2339 480 2399 i·
500 2345 536 2390 15·

94 2419 128 2463 Er
149 2420 191 2462 hec
212 2420 273 2466 brevi
291 2422 419 2479 scriptorum
437 2424 539 2480 Gregorii
558 2435 648 2466 censura
666 2431 767 2481 apparet,
794 2421 819 2462 ed
839 2418 954 2476 primarios

33 2501 133 2558 Gregorii
151 2503 262 2545 doctrinae
275 2500 353 2556 fontes,
369 2503 487 2558 Moratin,
505 2504 618 2547 Homilr'ns
634 2505 657 2547 in
671 2503 821 2553 Ezechielem,
839 2501 956 2548 Homitirw

32 2583 56 2623 in
69 2583 208 2642 Evangelia,
222 2585 341 2643 Regulam
350 2583 506 2635 Pastorelem,
521 2591 543 2628 et
556 2586 668 2641 Dialogos
682 2584 795 2639 pertinere.
827 2582 956 2640 Epistulae,

32 2667 129 2719 quemvis
146 2667 173 2708 ed
188 2666 291 2709 ecelesiae
310 2672 388 2709 statum
407 2665 462 2707 illius
483 2668 586 2723 temporis
608 2663 778 2719 cognoscendum
802 2666 892 2708 maximi
914 2668 956 2710 sint

32 2746 143 2801 momenti,
160 2747 188 2791 ad
204 2747 305 2806 Gregorii
321 2753 392 2791 temen
410 2745 528 2794 doctrinam
545 2748 572 2791 de
587 2744 674 2803 singulis
690 2745 774 2803 placitis
792 2746 955 2805 anthropologi-¹
