1999 2998
462 112 587 175 „ga-

69 230 189 288 peculiares
204 230 267 274 libros
280 227 400 270 ediderunt:
424 223 556 270 Theodorus
569 224 687 282 Petrejus,
706 227 841 286 Campensis,
858 230 989 286 carthusia-

42 290 45 296 *
70 325 118 364 nus,
133 312 192 368 cujus
206 316 272 353 exstat
286 306 402 362 Confessio
420 304 570 365 Gregoriona
586 310 634 351 siue
652 308 681 350 de
698 307 809 366 Gregorii
824 309 857 352 M.
874 310 984 355 doctrino.

71 392 171 434 Coloniae
187 392 250 442 1597.
269 385 388 444 160518,
420 386 507 432 Petrus
521 389 663 441 Molinoouo,
678 393 751 445 pater,
773 389 898 446 Tlieologus
914 391 984 433 Seda-

70 472 147 521 ncusis,
169 469 204 524 qui
220 468 304 524 scripsit
321 467 363 511 Vie
382 474 404 512 et
424 471 523 528 religion
540 472 568 513 de
585 473 646 513 dcun
665 470 719 514 boas
733 483 819 528 propes,
848 471 911 514 Leon
927 472 947 514 Ι.
962 478 984 515 ct

69 551 183 608 Grogoiro
197 549 228 600 I.,
244 548 302 604 quod
316 549 444 605 opusculum
457 550 535 593 Seduni
546 550 611 593 1686.
626 553 646 594 4.
658 543 749 608 prodiit3
763 550 801 594 Jo.
814 550 983 607 PetrusStute,

3 628 5 637 i
68 630 194 682 Susatcnsis‚
215 628 276 684 cujus
290 629 370 686 legitur
386 632 515 689 Gregorius
533 644 632 690 mugnus
644 628 710 689 pitrpo
724 632 876 675 Lutloeronus.
895 632 983 688 Lipsiae

71 713 133 764 1715¹
148 710 168 751 li.
199 709 285 753 Vidosis
302 711 321 752 J.
339 711 364 755 A.
381 711 504 755 Fabricium
521 711 535 753 l.
553 727 570 753 c.
588 720 610 755 et
628 713 771 761 Oelriclisium
788 714 809 753 iu
824 715 983 757 commentariis

67 791 238 846 descriptoribus
246 791 350 835 ecclesiae
358 794 450 836 Latinae
460 793 555 850 priorum
565 793 601 838 Vl.
609 792 749 836 saeculorum.
759 793 818 849 Lips.
830 807 894 849 ¹79¹·
904 794 955 851 [ΜΗ
962 807 982 849 7.

123 870 173 926 Hie,
189 886 217 915 ne
230 874 352 929 scriptionis
367 874 434 930 justos
452 873 530 916 limites
546 874 682 927 excedamus,
701 873 784 931 potiora
801 881 909 930 momenta
925 875 983 918 vitae

63 953 169 1013 pontificis
184 955 317 997 recensenda
338 962 399 1010 sunt,
427 961 452 1000 ut
472 955 544 1011 imago
564 954 630 1012 ipsius
650 955 755 1011 quaedam
778 954 897 1012 legentium
915 955 983 999 oculis

63 1042 201 1095 proponatur.

498 1113 516 1173 t.
529 1120 551 1163 2.

79 1190 80 1193 ¹
126 1197 256 1254 Gregorius,
279 1196 405 1253 cognomine
420 1195 522 1253 Magnus,
541 1193 665 1253 parentibus
679 1195 824 1250 nobilissimis,
843 1201 904 1254 patre
921 1194 982 1238 Gor-

64 1281 141 1333 diano,
174 1280 211 1334 qui
228 1287 274 1322 erat
290 1279 389 1322 senatorii
403 1279 483 1339 ordinis
501 1285 523 1322 et
542 1278 674 1334 regionarius
691 1277 704 1319 i.
722 1291 741 1319 e.
759 1277 910 1331 nauseantis,
942 1278 980 1334 qui

64 1361 127 1402 certis
149 1359 212 1402 Urbis
232 1360 355 1416 regionibus
375 1358 564 1415 praeficiebantur,
587 1364 656 1401 matre
673 1355 762 1411 silvie,
781 1359 845 1413 cujus!
859 1372 937 1400 nomen
956 1359 979 1401 in

63 1446 183 1482 sanctorum
201 1439 273 1481 album
289 1440 379 1482 relatum
397 1446 439 1492 est,
461 1440 547 1481 circiter
564 1452 643 1481 aunum
659 1438 737 1481 Christi
752 1440 802 1481 540.
818 1440 903 1483 Romae
917 1446 980 1482 natus

66 1528 104 1563 est.
134 1521 230 1561 Puerum
251 1534 263 1560 a
283 1519 417 1573 parentibus,
444 1534 535 1575 quorum
556 1520 624 1574 pietas
644 1534 656 1560 a
674 1520 812 1576 scriptoribus
832 1520 981 1562 ecclesiasticis

65 1600 137 1643 multis
154 1598 253 1641 laudibus
272 1598 367 1652 effertur,
381 1600 501 1656 praeceptis
517 1600 636 1642 christianis
651 1598 719 1657 probe
736 1600 842 1643 imbutum
857 1613 910 1653 esse,
926 1613 980 1642 con-

63 1680 148 1738 jecturis
164 1679 247 1735 assequi
262 1679 325 1732 licet,
351 1680 447 1734 quamvis
467 1679 530 1734 liujus
548 1681 578 1721 rei
596 1680 716 1723 testimonia
731 1681 807 1722 diserta
828 1695 870 1722 non
887 1686 978 1721 exstem.

61 1762 186 1804 Secundum
206 1760 336 1815 Gregorium
357 1759 505 1801 Turoneuscm
528 1760 550 1800 in
574 1760 623 1801 hist.
641 1761 774 1802 Francorum
792 1760 829 1801 lib.
846 1760 873 1801 X.
896 1774 942 1814 cap.
958 1773 978 1800 1.

63 1842 156 1895 „Litoris
173 1839 328 1895 grammaticis,
344 1839 457 1882 dialecticis
473 1853 497 1879 ac
507 1839 623 1882 ‘rhetoricis
637 1842 667 1883 ita
682 1848 728 1882 erat
742 1842 861 1891 institutus,
883 1845 908 1880 ut
924 1838 978 1879 nulli

63 1903 86 1964 in
102 1921 162 1962 Urbe
178 1921 224 1975 ipsa
240 1926 352 1973 putaretur
367 1933 412 1961 esse
428 1920 554 1960 secundus.“
589 1921 632 1962 Sed
649 1920 699 1962 huic
717 1920 838 1962 testimonio
855 1932 897 1960 non
919 1918 978 1970 mul-

63 2008 109 2043 tum
126 1999 264 2043 tribuendum
278 2012 336 2051 esse,
362 1999 396 2041 vel
417 1999 517 2053 Gregorii
533 2002 611 2056 scripta
627 2000 685 2042 omni
701 1999 773 2041 colore
786 1999 864 2041 Latino
878 1998 979 2041 destituta

63 2080 180 2123 declararit
210 2078 232 2120 Si
248 2077 357 2121 literarum
374 2080 560 2135 grammaticarum
575 2080 670 2123 studium
686 2081 705 2121 ei
722 2093 790 2135 puero
811 2080 920 2131 arrisisset,
938 2093 977 2120 eo-

62 2175 103 2218 que
120 2162 167 2217 ipse
183 2159 251 2216 probe
269 2159 366 2202 excultus
382 2158 463 2213 fuisset,
480 2174 522 2202 nou
539 2168 612 2217 postea
628 2162 651 2204 in
665 2161 760 2204 oratione
777 2161 869 2201 incomta
887 2159 927 2200 sibi
946 2158 976 2201 ita

60 2242 185 2298 placuisset,
205 2247 228 2282 ut
247 2241 269 2282 iu
282 2229 315 2282 ea
335 2241 368 2283 vel
388 2241 478 2297 gloriam
494 2248 614 2298 quaereret.
643 2240 684 2284 Ais
701 2242 769 2294 enim,
789 2238 906 2282 secuudum
922 2238 976 2281 illud

62 2336 158 2364 sermone
174 2322 248 2363 tritum
265 2321 414 2377 proverbium,
437 2335 480 2363 non
498 2321 564 2363 habet
581 2333 675 2372 osorem,
700 2320 740 2362 nisi
756 2319 895 2375 ignorantem.
928 2319 976 2374 lpse

37 2386 38 2389 Ἴ
65 2415 138 2457 nempe
155 2404 183 2445 de
199 2417 223 2445 se
237 2400 350 2458 profitetur
366 2401 389 2443 iu
406 2399 539 2456 praefatione
555 2400 582 2442 ad
598 2398 664 2442 libros
683 2399 809 2442 Moralium:
840 2400 924 2456 „lpsam
939 2398 976 2440 lo-

69 2484 143 2533 quendi
156 2491 237 2537 artem,
261 2497 325 2540 quam
342 2482 464 2538 magisteria
480 2481 603 2537 disciplinae
620 2482 732 2524 exterioris
746 2481 864 2533 insinuant,
889 2492 975 2521 serrare

22 2593 25 2595 .
70 2559 167 2613 despect.
192 2567 246 2607 Nam
262 2565 317 2606 sicut
334 2562 397 2617 liujus
416 2576 499 2619 quoque
517 2563 618 2619 epistolae
638 2569 699 2604 tenor
717 2564 827 2613 enunciat,
843 2573 885 2602 non
902 2566 974 2602 niuta-

67 2639 127 2680 cisuii
143 2638 162 2691 ¹)
181 2637 312 2700 (nietacisnii)
328 2644 458 2688 collisionem
477 2643 546 2701 fugio,
563 2659 605 2688 uon
622 2642 747 2686 barbarismi
767 2639 914 2684 confusionem
933 2641 974 2683 de·

66 2717 222 2727 ..a-m

95 2748 115 2797 t)
129 2747 299 2799 Nouorrotorismi,
313 2756 342 2792 scd
351 2753 471 2795 inratooismi
480 2757 577 2806 legendum
587 2768 632 2803 esse,
644 2756 662 2793 iu
675 2758 750 2805 promtu
759 2758 790 2790 est.
804 2752 870 2790 Gracci
880 2752 928 2788 oiiim
939 2765 972 2799 ap-
