<?xml version="1.0" encoding="UTF-8"?>
<!DOCTYPE html PUBLIC "-//W3C//DTD XHTML 1.0 Transitional//EN"
    "http://www.w3.org/TR/xhtml1/DTD/xhtml1-transitional.dtd">
<html xmlns="http://www.w3.org/1999/xhtml" xml:lang="en" lang="en">
 <head>
  <title>
</title>
<meta http-equiv="Content-Type" content="text/html;charset=utf-8" />
  <meta name='ocr-system' content='tesseract 3.04.00' />
  <meta name='ocr-capabilities' content='ocr_page ocr_carea ocr_par ocr_line ocrx_word'/>
</head>
<body>
  <div class='ocr_page' id='page_1' title='image "MN41459ucmf_8_0150.png"; bbox 0 0 1999 2998; ppageno 0'>
   <div class='ocr_carea' id='block_1_1' title="bbox 464 56 514 97">
    <p class='ocr_par' dir='ltr' id='par_1_1' title="bbox 464 56 514 97">
     <span class='ocr_line' id='line_1_1' title="bbox 464 56 514 97; baseline 0 0"><span class='ocrx_word' id='word_1_1' title='bbox 464 56 514 97; x_wconf 82' lang='lat'>130·</span> 
     </span>
    </p>
   </div>
   <div class='ocr_carea' id='block_1_2' title="bbox 420 108 550 121">
    <p class='ocr_par' dir='ltr' id='par_1_2' title="bbox 420 108 550 121">
     <span class='ocr_line' id='line_1_2' title="bbox 420 108 550 121; baseline -0.015 -4"><span class='ocrx_word' id='word_1_2' title='bbox 420 108 550 121; x_wconf 65' lang='lat'><strong>—·-—---</strong></span> 
     </span>
    </p>
   </div>
   <div class='ocr_carea' id='block_1_3' title="bbox 19 170 991 1540">
    <p class='ocr_par' dir='ltr' id='par_1_3' title="bbox 19 170 991 1540">
     <span class='ocr_line' id='line_1_3' title="bbox 92 170 948 236; baseline 0.009 -20"><span class='ocrx_word' id='word_1_3' title='bbox 92 172 206 228; x_wconf 82' lang='lat' dir='ltr'><strong>„Christus</strong></span> <span class='ocrx_word' id='word_1_4' title='bbox 220 178 253 236; x_wconf 85' lang='lat' dir='ltr'><strong>est</strong></span> <span class='ocrx_word' id='word_1_5' title='bbox 268 186 364 216; x_wconf 84' lang='lat' dir='ltr'><strong>summus</strong></span> <span class='ocrx_word' id='word_1_6' title='bbox 377 170 478 216; x_wconf 77' lang='lat' dir='ltr'><strong>Pontifex</strong></span> <span class='ocrx_word' id='word_1_7' title='bbox 494 180 575 231; x_wconf 86' lang='lat' dir='ltr'><strong>noster,</strong></span> <span class='ocrx_word' id='word_1_8' title='bbox 593 175 629 233; x_wconf 89' lang='lat' dir='ltr'><strong>qui</strong></span> <span class='ocrx_word' id='word_1_9' title='bbox 647 173 669 218; x_wconf 91' lang='lat' dir='ltr'><strong>in</strong></span> <span class='ocrx_word' id='word_1_10' title='bbox 687 187 724 218; x_wconf 85' lang='lat' dir='ltr'><strong>ara</strong></span> <span class='ocrx_word' id='word_1_11' title='bbox 740 175 810 218; x_wconf 88' lang='lat' dir='ltr'><strong>crucis</strong></span> <span class='ocrx_word' id='word_1_12' title='bbox 820 190 866 234; x_wconf 80' lang='lat' dir='ltr'><strong>pro</strong></span> <span class='ocrx_word' id='word_1_13' title='bbox 881 179 948 224; x_wconf 78' lang='lat' dir='ltr'><strong>totius</strong></span> 
     </span>
     <span class='ocr_line' id='line_1_4' title="bbox 25 254 948 316; baseline 0.004 -17"><span class='ocrx_word' id='word_1_14' title='bbox 25 257 220 306; x_wconf 71' lang='lat' dir='ltr'><strong>mendicandum,</strong></span> <span class='ocrx_word' id='word_1_15' title='bbox 244 255 278 296; x_wconf 91' lang='lat' dir='ltr'><strong>sui</strong></span> <span class='ocrx_word' id='word_1_16' title='bbox 289 256 386 311; x_wconf 86' lang='lat' dir='ltr'><strong>corporis</strong></span> <span class='ocrx_word' id='word_1_17' title='bbox 400 254 491 298; x_wconf 77' lang='lat' dir='ltr'><strong>hostiam</strong></span> <span class='ocrx_word' id='word_1_18' title='bbox 500 255 600 301; x_wconf 55' lang='lat' dir='ltr'><strong>obtuitu</strong></span> <span class='ocrx_word' id='word_1_19' title='bbox 627 256 707 314; x_wconf 78' lang='lat' dir='ltr'><strong>Expos.</strong></span> <span class='ocrx_word' id='word_1_20' title='bbox 716 257 795 300; x_wconf 82' lang='lat' dir='ltr'><strong>Psalmi</strong></span> <span class='ocrx_word' id='word_1_21' title='bbox 806 260 875 315; x_wconf 83' lang='lat' dir='ltr'><strong>quarti</strong></span> <span class='ocrx_word' id='word_1_22' title='bbox 885 274 948 316; x_wconf 88' lang='lat' dir='ltr'><strong>poen.</strong></span> 
     </span>
     <span class='ocr_line' id='line_1_5' title="bbox 26 335 961 398; baseline 0.003 -18"><span class='ocrx_word' id='word_1_23' title='bbox 26 339 46 398; x_wconf 79' lang='lat'><strong>§.</strong></span> <span class='ocrx_word' id='word_1_24' title='bbox 60 340 81 380; x_wconf 79' lang='lat' dir='ltr'><strong>la.</strong></span> <span class='ocrx_word' id='word_1_25' title='bbox 98 336 180 378; x_wconf 86' lang='lat' dir='ltr'><strong>Ibidem</strong></span> <span class='ocrx_word' id='word_1_26' title='bbox 196 337 283 393; x_wconf 89' lang='lat' dir='ltr'><strong>quidem</strong></span> <span class='ocrx_word' id='word_1_27' title='bbox 301 338 413 380; x_wconf 85' lang='lat' dir='ltr'><strong>asseritur:</strong></span> <span class='ocrx_word' id='word_1_28' title='bbox 426 343 427 346; x_wconf 76' lang='grc'>’</span> <span class='ocrx_word' id='word_1_29' title='bbox 436 335 469 392; x_wconf 82' lang='lat' dir='ltr'><strong>„A</strong></span> <span class='ocrx_word' id='word_1_30' title='bbox 487 337 580 394; x_wconf 88' lang='lat' dir='ltr'><strong>peccatis</strong></span> <span class='ocrx_word' id='word_1_31' title='bbox 596 337 639 380; x_wconf 86' lang='lat' dir='ltr'><strong>suis</strong></span> <span class='ocrx_word' id='word_1_32' title='bbox 655 339 677 381; x_wconf 89' lang='lat' dir='ltr'><strong>in</strong></span> <span class='ocrx_word' id='word_1_33' title='bbox 693 340 797 395; x_wconf 84' lang='lat' dir='ltr'><strong>sanguine</strong></span> <span class='ocrx_word' id='word_1_34' title='bbox 811 347 855 383; x_wconf 93' lang='lat' dir='ltr'><strong>tuo</strong></span> <span class='ocrx_word' id='word_1_35' title='bbox 865 340 961 383; x_wconf 38' lang='lat' dir='ltr'><strong>eleetos*</strong></span> 
     </span>
     <span class='ocr_line' id='line_1_6' title="bbox 25 417 991 478; baseline 0.003 -15"><span class='ocrx_word' id='word_1_36' title='bbox 25 429 74 464; x_wconf 84' lang='lat' dir='ltr'><strong>tuos</strong></span> <span class='ocrx_word' id='word_1_37' title='bbox 91 418 187 463; x_wconf 75' lang='lat' dir='ltr'><strong>lavasti.“</strong></span> <span class='ocrx_word' id='word_1_38' title='bbox 208 417 226 476; x_wconf 52' lang='grc' dir='ltr'><strong>ᾗ.</strong></span> <span class='ocrx_word' id='word_1_39' title='bbox 242 431 270 472; x_wconf 75' lang='lat' dir='ltr'><strong>a,</strong></span> <span class='ocrx_word' id='word_1_40' title='bbox 287 420 326 462; x_wconf 88' lang='lat' dir='ltr'><strong>scd</strong></span> <span class='ocrx_word' id='word_1_41' title='bbox 343 420 413 463; x_wconf 88' lang='lat' dir='ltr'><strong>statim</strong></span> <span class='ocrx_word' id='word_1_42' title='bbox 430 418 540 474; x_wconf 86' lang='lat' dir='ltr'><strong>adjicitur:</strong></span> <span class='ocrx_word' id='word_1_43' title='bbox 556 419 640 472; x_wconf 80' lang='lat' dir='ltr'><strong>„Latet</strong></span> <span class='ocrx_word' id='word_1_44' title='bbox 655 421 740 476; x_wconf 85' lang='lat' dir='ltr'><strong>sanguia</strong></span> <span class='ocrx_word' id='word_1_45' title='bbox 756 421 796 464; x_wconf 89' lang='lat' dir='ltr'><strong>iste</strong></span> <span class='ocrx_word' id='word_1_46' title='bbox 809 425 948 478; x_wconf 85' lang='lat' dir='ltr'><strong>peccatorum</strong></span> <span class='ocrx_word' id='word_1_47' title='bbox 989 457 991 466; x_wconf 71' lang='grc'><strong><em>,</em></strong></span> 
     </span>
     <span class='ocr_line' id='line_1_7' title="bbox 23 500 948 560; baseline 0.003 -18"><span class='ocrx_word' id='word_1_48' title='bbox 23 514 123 543; x_wconf 89' lang='lat' dir='ltr'><strong>meorum</strong></span> <span class='ocrx_word' id='word_1_49' title='bbox 139 500 239 554; x_wconf 83' lang='lat' dir='ltr'><strong>maculas,</strong></span> <span class='ocrx_word' id='word_1_50' title='bbox 253 501 290 556; x_wconf 91' lang='lat' dir='ltr'><strong>qui</strong></span> <span class='ocrx_word' id='word_1_51' title='bbox 308 502 375 544; x_wconf 78' lang='lat' dir='ltr'><strong>totius</strong></span> <span class='ocrx_word' id='word_1_52' title='bbox 389 500 467 542; x_wconf 80' lang='lat' dir='ltr'><strong>arandi</strong></span> <span class='ocrx_word' id='word_1_53' title='bbox 479 505 556 556; x_wconf 75' lang='lat' dir='ltr'><strong>potest</strong></span> <span class='ocrx_word' id='word_1_54' title='bbox 572 500 651 544; x_wconf 84' lang='lat' dir='ltr'><strong>delere</strong></span> <span class='ocrx_word' id='word_1_55' title='bbox 663 500 792 560; x_wconf 80' lang='lat' dir='ltr'><strong>offensus.“</strong></span> <span class='ocrx_word' id='word_1_56' title='bbox 816 501 840 543; x_wconf 92' lang='lat' dir='ltr'><strong>In</strong></span> <span class='ocrx_word' id='word_1_57' title='bbox 856 502 948 545; x_wconf 87' lang='lat' dir='ltr'><strong>eandem</strong></span> 
     </span>
     <span class='ocr_line' id='line_1_8' title="bbox 23 580 947 638; baseline -0.001 -12"><span class='ocrx_word' id='word_1_58' title='bbox 23 583 152 626; x_wconf 79' lang='lat' dir='ltr'>sententiam</span> <span class='ocrx_word' id='word_1_59' title='bbox 168 582 223 624; x_wconf 78' lang='lat' dir='ltr'><strong>liaeo</strong></span> <span class='ocrx_word' id='word_1_60' title='bbox 241 583 372 624; x_wconf 82' lang='lat' dir='ltr'><strong>dictasunt:</strong></span> <span class='ocrx_word' id='word_1_61' title='bbox 394 580 492 634; x_wconf 79' lang='lat' dir='ltr'><strong>„idcirco</strong></span> <span class='ocrx_word' id='word_1_62' title='bbox 510 586 558 638; x_wconf 88' lang='lat' dir='ltr'><strong>post</strong></span> <span class='ocrx_word' id='word_1_63' title='bbox 575 580 685 625; x_wconf 79' lang='lat' dir='ltr'>Christum</span> <span class='ocrx_word' id='word_1_64' title='bbox 700 590 759 626; x_wconf 90' lang='lat' dir='ltr'><strong>totus</strong></span> <span class='ocrx_word' id='word_1_65' title='bbox 772 584 865 626; x_wconf 85' lang='lat' dir='ltr'><strong>mundus</strong></span> <span class='ocrx_word' id='word_1_66' title='bbox 880 584 947 637; x_wconf 82' lang='lat' dir='ltr'><strong>vadit,</strong></span> 
     </span>
     <span class='ocr_line' id='line_1_9' title="bbox 24 662 947 723; baseline 0.001 -17"><span class='ocrx_word' id='word_1_67' title='bbox 24 667 74 721; x_wconf 87' lang='lat' dir='ltr'><strong>quia</strong></span> <span class='ocrx_word' id='word_1_68' title='bbox 93 677 169 706; x_wconf 82' lang='lat' dir='ltr'><strong>verum</strong></span> <span class='ocrx_word' id='word_1_69' title='bbox 188 678 212 705; x_wconf 89' lang='lat' dir='ltr'><strong>se</strong></span> <span class='ocrx_word' id='word_1_70' title='bbox 232 663 275 706; x_wconf 87' lang='lat' dir='ltr'><strong>Dei</strong></span> <span class='ocrx_word' id='word_1_71' title='bbox 295 663 362 705; x_wconf 85' lang='lat' dir='ltr'><strong>filium</strong></span> <span class='ocrx_word' id='word_1_72' title='bbox 383 662 492 719; x_wconf 80' lang='lat' dir='ltr'><strong>probarit,</strong></span> <span class='ocrx_word' id='word_1_73' title='bbox 518 662 570 704; x_wconf 92' lang='lat' dir='ltr'><strong>dum</strong></span> <span class='ocrx_word' id='word_1_74' title='bbox 591 664 704 723; x_wconf 86' lang='lat' dir='ltr'><strong>moriendo</strong></span> <span class='ocrx_word' id='word_1_75' title='bbox 721 664 852 709; x_wconf 68' lang='lat' dir='ltr'><strong>damonum</strong></span> <span class='ocrx_word' id='word_1_76' title='bbox 871 678 947 722; x_wconf 79' lang='lat' dir='ltr'><strong>genua</strong></span> 
     </span>
     <span class='ocr_line' id='line_1_10' title="bbox 22 725 950 804; baseline 0 -17"><span class='ocrx_word' id='word_1_77' title='bbox 22 746 162 788; x_wconf 81' lang='lat' dir='ltr'><strong>redimeret.“</strong></span> <span class='ocrx_word' id='word_1_78' title='bbox 199 746 250 788; x_wconf 85' lang='lat' dir='ltr'>Lib.</span> <span class='ocrx_word' id='word_1_79' title='bbox 272 746 353 802; x_wconf 88' lang='lat' dir='ltr'><strong>primus</strong></span> <span class='ocrx_word' id='word_1_80' title='bbox 374 744 397 786; x_wconf 91' lang='lat' dir='ltr'><strong>iu</strong></span> <span class='ocrx_word' id='word_1_81' title='bbox 417 743 480 801; x_wconf 86' lang='lat' dir='ltr'><strong>prim.</strong></span> <span class='ocrx_word' id='word_1_82' title='bbox 506 744 561 801; x_wconf 85' lang='lat' dir='ltr'><strong>Reg.</strong></span> <span class='ocrx_word' id='word_1_83' title='bbox 581 758 628 801; x_wconf 90' lang='lat' dir='ltr'><strong>cap.</strong></span> <span class='ocrx_word' id='word_1_84' title='bbox 648 725 668 788; x_wconf 91' lang='grc'>5</span> <span class='ocrx_word' id='word_1_85' title='bbox 693 743 712 804; x_wconf 55' lang='grc' dir='ltr'><em>ᾗ</em></span> <span class='ocrx_word' id='word_1_86' title='bbox 732 747 766 789; x_wconf 85' lang='lat'><strong>15.</strong></span> <span class='ocrx_word' id='word_1_87' title='bbox 791 746 854 800; x_wconf 85' lang='lat' dir='ltr'><strong>„Non</strong></span> <span class='ocrx_word' id='word_1_88' title='bbox 874 746 950 788; x_wconf 82' lang='lat' dir='ltr'><strong>omnio</strong></span> 
     </span>
     <span class='ocr_line' id='line_1_11' title="bbox 22 814 946 884; baseline -0.002 -14"><span class='ocrx_word' id='word_1_89' title='bbox 22 834 97 870; x_wconf 86' lang='lat' dir='ltr'><strong>nostra</strong></span> <span class='ocrx_word' id='word_1_90' title='bbox 111 822 210 870; x_wconf 85' lang='lat' dir='ltr'><strong>Christus</strong></span> <span class='ocrx_word' id='word_1_91' title='bbox 226 827 327 884; x_wconf 84' lang='lat' dir='ltr'><strong>explevit,</strong></span> <span class='ocrx_word' id='word_1_92' title='bbox 341 839 387 883; x_wconf 81' lang='lat' dir='ltr'><strong>per</strong></span> <span class='ocrx_word' id='word_1_93' title='bbox 402 839 494 868; x_wconf 84' lang='lat' dir='ltr'><strong>crucem</strong></span> <span class='ocrx_word' id='word_1_94' title='bbox 507 827 599 884; x_wconf 77' lang='lat' dir='ltr'><strong>quidem</strong></span> <span class='ocrx_word' id='word_1_95' title='bbox 612 840 678 870; x_wconf 83' lang='lat' dir='ltr'><strong>suum</strong></span> <span class='ocrx_word' id='word_1_96' title='bbox 693 822 770 870; x_wconf 79' lang='lat' dir='ltr'><strong>omues</strong></span> <span class='ocrx_word' id='word_1_97' title='bbox 786 814 891 878; x_wconf 79' lang='lat' dir='ltr'><strong>redemit,</strong></span> <span class='ocrx_word' id='word_1_98' title='bbox 908 828 946 868; x_wconf 86' lang='lat' dir='ltr'><strong>sed</strong></span> 
     </span>
     <span class='ocr_line' id='line_1_12' title="bbox 21 895 946 971; baseline -0.005 -17"><span class='ocrx_word' id='word_1_99' title='bbox 21 912 137 964; x_wconf 81' lang='lat' dir='ltr'><strong>remansit,</strong></span> <span class='ocrx_word' id='word_1_100' title='bbox 162 917 186 953; x_wconf 93' lang='lat' dir='ltr'><strong>ut</strong></span> <span class='ocrx_word' id='word_1_101' title='bbox 208 910 244 966; x_wconf 87' lang='lat' dir='ltr'><strong>qui</strong></span> <span class='ocrx_word' id='word_1_102' title='bbox 266 909 343 951; x_wconf 83' lang='lat' dir='ltr'><strong>redimi</strong></span> <span class='ocrx_word' id='word_1_103' title='bbox 362 909 493 971; x_wconf 68' lang='lat' dir='ltr'><strong>etreg&#39;nare</strong></span> <span class='ocrx_word' id='word_1_104' title='bbox 510 895 559 950; x_wconf 85' lang='lat' dir='ltr'><strong>eum</strong></span> <span class='ocrx_word' id='word_1_105' title='bbox 577 921 603 949; x_wconf 84' lang='lat' dir='ltr'><strong>eo</strong></span> <span class='ocrx_word' id='word_1_106' title='bbox 618 908 704 961; x_wconf 83' lang='lat' dir='ltr'><strong>nititur,</strong></span> <span class='ocrx_word' id='word_1_107' title='bbox 725 903 877 962; x_wconf 82' lang='lat' dir='ltr'><strong>crucifigatur..</strong></span> <span class='ocrx_word' id='word_1_108' title='bbox 897 907 946 949; x_wconf 85' lang='lat' dir='ltr'><strong>Hoc</strong></span> 
     </span>
     <span class='ocr_line' id='line_1_13' title="bbox 20 980 945 1054; baseline -0.01 -17"><span class='ocrx_word' id='word_1_109' title='bbox 20 992 120 1053; x_wconf 78' lang='lat' dir='ltr'><strong>profecto</strong></span> <span class='ocrx_word' id='word_1_110' title='bbox 136 983 248 1033; x_wconf 82' lang='lat' dir='ltr'><strong>residuum</strong></span> <span class='ocrx_word' id='word_1_111' title='bbox 261 988 358 1043; x_wconf 61' lang='lat' dir='ltr'><strong>iidemu</strong></span> <span class='ocrx_word' id='word_1_112' title='bbox 373 992 409 1046; x_wconf 88' lang='lat' dir='ltr'><strong>qui</strong></span> <span class='ocrx_word' id='word_1_113' title='bbox 425 985 510 1054; x_wconf 84' lang='lat' dir='ltr'><strong>dicebat</strong></span> <span class='ocrx_word' id='word_1_114' title='bbox 530 986 552 1045; x_wconf 84' lang='lat'><strong>(2</strong></span> <span class='ocrx_word' id='word_1_115' title='bbox 569 988 627 1031; x_wconf 87' lang='lat' dir='ltr'><strong>Tim.</strong></span> <span class='ocrx_word' id='word_1_116' title='bbox 644 1001 666 1042; x_wconf 81' lang='lat'><strong>2,</strong></span> <span class='ocrx_word' id='word_1_117' title='bbox 685 987 733 1046; x_wconf 84' lang='lat'>12):</span> <span class='ocrx_word' id='word_1_118' title='bbox 751 988 774 1029; x_wconf 88' lang='lat' dir='ltr'><strong>Si</strong></span> <span class='ocrx_word' id='word_1_119' title='bbox 794 980 945 1043; x_wconf 84' lang='lat' dir='ltr'><strong>compatimur,</strong></span> 
     </span>
     <span class='ocr_line' id='line_1_14' title="bbox 22 1068 944 1130; baseline -0.011 -11"><span class='ocrx_word' id='word_1_120' title='bbox 22 1082 44 1119; x_wconf 88' lang='lat' dir='ltr'><strong>et</strong></span> <span class='ocrx_word' id='word_1_121' title='bbox 61 1072 246 1130; x_wconf 81' lang='lat' dir='ltr'><strong>conregnabimus.</strong></span> <span class='ocrx_word' id='word_1_122' title='bbox 280 1071 348 1126; x_wconf 86' lang='lat' dir='ltr'><strong>Quasi</strong></span> <span class='ocrx_word' id='word_1_123' title='bbox 364 1071 431 1113; x_wconf 86' lang='lat' dir='ltr'><strong>dicat:</strong></span> <span class='ocrx_word' id='word_1_124' title='bbox 448 1071 514 1125; x_wconf 89' lang='lat' dir='ltr'><strong>Quod</strong></span> <span class='ocrx_word' id='word_1_125' title='bbox 527 1071 625 1128; x_wconf 81' lang='lat' dir='ltr'><strong>explerit</strong></span> <span class='ocrx_word' id='word_1_126' title='bbox 640 1069 745 1123; x_wconf 87' lang='lat' dir='ltr'><strong>Christus,</strong></span> <span class='ocrx_word' id='word_1_127' title='bbox 764 1082 806 1111; x_wconf 90' lang='lat' dir='ltr'><strong>non</strong></span> <span class='ocrx_word' id='word_1_128' title='bbox 821 1068 885 1117; x_wconf 88' lang='lat' dir='ltr'><strong>valet,</strong></span> <span class='ocrx_word' id='word_1_129' title='bbox 901 1068 944 1110; x_wconf 86' lang='lat' dir='ltr'><strong>uisi</strong></span> 
     </span>
     <span class='ocr_line' id='line_1_15' title="bbox 22 1137 945 1214; baseline -0.009 -15"><span class='ocrx_word' id='word_1_130' title='bbox 22 1160 55 1212; x_wconf 86' lang='lat' dir='ltr'><strong>ei,</strong></span> <span class='ocrx_word' id='word_1_131' title='bbox 77 1156 115 1214; x_wconf 88' lang='lat' dir='ltr'><strong>qui</strong></span> <span class='ocrx_word' id='word_1_132' title='bbox 129 1156 163 1207; x_wconf 87' lang='lat' dir='ltr'><strong>id,</strong></span> <span class='ocrx_word' id='word_1_133' title='bbox 191 1153 249 1210; x_wconf 89' lang='lat' dir='ltr'><strong>quod</strong></span> <span class='ocrx_word' id='word_1_134' title='bbox 264 1137 387 1199; x_wconf 39' lang='lat' dir='ltr'><strong>remansit(</strong></span> <span class='ocrx_word' id='word_1_135' title='bbox 401 1152 527 1204; x_wconf 73' lang='lat' dir='ltr'><strong>adimplet.“</strong></span> <span class='ocrx_word' id='word_1_136' title='bbox 543 1167 544 1170; x_wconf 48' lang='lat'>¹</span> <span class='ocrx_word' id='word_1_137' title='bbox 560 1153 610 1194; x_wconf 89' lang='lat' dir='ltr'><strong>Lib.</strong></span> <span class='ocrx_word' id='word_1_138' title='bbox 624 1152 661 1196; x_wconf 80' lang='lat' dir='ltr'><strong>tv.</strong></span> <span class='ocrx_word' id='word_1_139' title='bbox 674 1152 696 1194; x_wconf 92' lang='lat' dir='ltr'><strong>in</strong></span> <span class='ocrx_word' id='word_1_140' title='bbox 711 1151 773 1208; x_wconf 84' lang='lat' dir='ltr'><strong>prim.</strong></span> <span class='ocrx_word' id='word_1_141' title='bbox 790 1151 845 1205; x_wconf 84' lang='lat' dir='ltr'><strong>Reg.</strong></span> <span class='ocrx_word' id='word_1_142' title='bbox 861 1164 908 1206; x_wconf 89' lang='lat' dir='ltr'><strong>cap.</strong></span> <span class='ocrx_word' id='word_1_143' title='bbox 923 1150 945 1192; x_wconf 78' lang='grc'><strong>4.</strong></span> 
     </span>
     <span class='ocr_line' id='line_1_16' title="bbox 21 1218 944 1298; baseline -0.003 -22"><span class='ocrx_word' id='word_1_144' title='bbox 21 1241 40 1298; x_wconf 53' lang='grc' dir='ltr'><strong>ᾗ,</strong></span> <span class='ocrx_word' id='word_1_145' title='bbox 57 1243 93 1293; x_wconf 77' lang='lat'><strong>57,</strong></span> <span class='ocrx_word' id='word_1_146' title='bbox 123 1234 226 1279; x_wconf 68' lang='lat' dir='ltr'><strong>assertio</strong></span> <span class='ocrx_word' id='word_1_147' title='bbox 239 1233 302 1283; x_wconf 79' lang='lat' dir='ltr'><strong>haec,</strong></span> <span class='ocrx_word' id='word_1_148' title='bbox 318 1228 428 1272; x_wconf 82' lang='lat' dir='ltr'><strong>Christum</strong></span> <span class='ocrx_word' id='word_1_149' title='bbox 443 1232 492 1270; x_wconf 62' lang='lat' dir='ltr'><strong>non*</strong></span> <span class='ocrx_word' id='word_1_150' title='bbox 503 1232 575 1272; x_wconf 86' lang='lat' dir='ltr'><strong>omnia</strong></span> <span class='ocrx_word' id='word_1_151' title='bbox 590 1232 663 1273; x_wconf 79' lang='lat' dir='ltr'><strong>nostra</strong></span> <span class='ocrx_word' id='word_1_152' title='bbox 678 1218 804 1288; x_wconf 62' lang='lat' dir='ltr'><strong>explevisse,</strong></span> <span class='ocrx_word' id='word_1_153' title='bbox 820 1246 832 1270; x_wconf 86' lang='lat' dir='ltr'><strong>a</strong></span> <span class='ocrx_word' id='word_1_154' title='bbox 847 1231 944 1274; x_wconf 85' lang='lat' dir='ltr'><strong>doctrina</strong></span> 
     </span>
     <span class='ocr_line' id='line_1_17' title="bbox 20 1300 944 1377; baseline -0.008 -16"><span class='ocrx_word' id='word_1_155' title='bbox 20 1319 107 1377; x_wconf 85' lang='lat' dir='ltr'><strong>quidem</strong></span> <span class='ocrx_word' id='word_1_156' title='bbox 122 1314 228 1357; x_wconf 87' lang='lat' dir='ltr'><strong>eeclesiae</strong></span> <span class='ocrx_word' id='word_1_157' title='bbox 243 1317 336 1363; x_wconf 79' lang='lat' dir='ltr'><strong>nostrae,</strong></span> <span class='ocrx_word' id='word_1_158' title='bbox 353 1324 395 1370; x_wconf 81' lang='lat' dir='ltr'><strong>qua</strong></span> <span class='ocrx_word' id='word_1_159' title='bbox 413 1308 568 1374; x_wconf 72' lang='lat' dir='ltr'><strong>Christus&#39;uon</strong></span> <span class='ocrx_word' id='word_1_160' title='bbox 586 1310 655 1353; x_wconf 86' lang='lat' dir='ltr'><strong>solum</strong></span> <span class='ocrx_word' id='word_1_161' title='bbox 671 1310 814 1354; x_wconf 76' lang='lat' dir='ltr'><strong>obedientiam</strong></span> <span class='ocrx_word' id='word_1_162' title='bbox 832 1300 944 1368; x_wconf 73' lang='lat' dir='ltr'><strong>passiuam,</strong></span> 
     </span>
     <span class='ocr_line' id='line_1_18' title="bbox 19 1374 943 1456; baseline -0.011 -11"><span class='ocrx_word' id='word_1_163' title='bbox 19 1402 58 1445; x_wconf 90' lang='lat' dir='ltr'><strong>sed</strong></span> <span class='ocrx_word' id='word_1_164' title='bbox 77 1399 143 1442; x_wconf 90' lang='lat' dir='ltr'><strong>etiam</strong></span> <span class='ocrx_word' id='word_1_165' title='bbox 163 1395 254 1437; x_wconf 85' lang='lat' dir='ltr'><strong>activam</strong></span> <span class='ocrx_word' id='word_1_166' title='bbox 273 1390 390 1456; x_wconf 80' lang='lat' dir='ltr'><strong>praestitit,</strong></span> <span class='ocrx_word' id='word_1_167' title='bbox 412 1390 492 1432; x_wconf 90' lang='lat' dir='ltr'><strong>mirum</strong></span> <span class='ocrx_word' id='word_1_168' title='bbox 512 1374 621 1446; x_wconf 77' lang='lat' dir='ltr'><strong>quantum</strong></span> <span class='ocrx_word' id='word_1_169' title='bbox 636 1379 729 1446; x_wconf 67' lang='lat' dir='ltr'><strong>recedit3</strong></span> <span class='ocrx_word' id='word_1_170' title='bbox 756 1392 795 1435; x_wconf 86' lang='lat' dir='ltr'><strong>sed</strong></span> <span class='ocrx_word' id='word_1_171' title='bbox 817 1393 844 1434; x_wconf 86' lang='lat' dir='ltr'><strong>de</strong></span> <span class='ocrx_word' id='word_1_172' title='bbox 864 1393 904 1436; x_wconf 86' lang='lat' dir='ltr'><strong>hac</strong></span> <span class='ocrx_word' id='word_1_173' title='bbox 918 1406 943 1435; x_wconf 90' lang='lat' dir='ltr'><strong>re</strong></span> 
     </span>
     <span class='ocr_line' id='line_1_19' title="bbox 20 1461 868 1540; baseline -0.014 -14"><span class='ocrx_word' id='word_1_174' title='bbox 20 1481 137 1540; x_wconf 91' lang='lat' dir='ltr'><strong>disputatio</strong></span> <span class='ocrx_word' id='word_1_175' title='bbox 153 1478 180 1520; x_wconf 87' lang='lat' dir='ltr'><strong>ad</strong></span> <span class='ocrx_word' id='word_1_176' title='bbox 195 1478 354 1532; x_wconf 78' lang='lat' dir='ltr'><strong>argumentum,</strong></span> <span class='ocrx_word' id='word_1_177' title='bbox 371 1461 428 1528; x_wconf 89' lang='lat' dir='ltr'><strong>quod</strong></span> <span class='ocrx_word' id='word_1_178' title='bbox 442 1471 504 1513; x_wconf 88' lang='lat' dir='ltr'><strong>nobis</strong></span> <span class='ocrx_word' id='word_1_179' title='bbox 520 1474 679 1531; x_wconf 83' lang='lat' dir='ltr'><strong>proposuimus,</strong></span> <span class='ocrx_word' id='word_1_180' title='bbox 708 1485 751 1516; x_wconf 90' lang='lat' dir='ltr'><strong>uon</strong></span> <span class='ocrx_word' id='word_1_181' title='bbox 766 1475 868 1532; x_wconf 87' lang='lat' dir='ltr'><strong>pertinet.</strong></span> 
     </span>
    </p>
   </div>
   <div class='ocr_carea' id='block_1_4' title="bbox 442 1569 528 1630">
    <p class='ocr_par' dir='ltr' id='par_1_4' title="bbox 442 1569 528 1630">
     <span class='ocr_line' id='line_1_20' title="bbox 442 1569 528 1630; baseline -0.058 -13"><span class='ocrx_word' id='word_1_182' title='bbox 442 1569 461 1630; x_wconf 74' lang='lat'><strong>§-</strong></span> <span class='ocrx_word' id='word_1_183' title='bbox 479 1574 528 1624; x_wconf 61' lang='lat'><strong>50.</strong></span> 
     </span>
    </p>
   </div>
   <div class='ocr_carea' id='block_1_5' title="bbox 109 1662 932 1743">
    <p class='ocr_par' dir='ltr' id='par_1_5' title="bbox 109 1662 932 1743">
     <span class='ocr_line' id='line_1_21' title="bbox 109 1662 932 1743; baseline -0.007 -12"><span class='ocrx_word' id='word_1_184' title='bbox 109 1678 281 1736; x_wconf 80' lang='lat' dir='ltr'><strong>Placitorum</strong></span> <span class='ocrx_word' id='word_1_185' title='bbox 302 1669 578 1740; x_wconf 77' lang='lat' dir='ltr'><strong>anthropologicorum</strong></span> <span class='ocrx_word' id='word_1_186' title='bbox 601 1670 731 1743; x_wconf 57' lang='lat' dir='ltr'><strong>Gregorii</strong></span> <span class='ocrx_word' id='word_1_187' title='bbox 749 1689 858 1726; x_wconf 75' lang='lat' dir='ltr'><strong>enarratu.</strong></span> <span class='ocrx_word' id='word_1_188' title='bbox 888 1730 890 1735; x_wconf 13' lang='grc' dir='ltr'><strong>Α</strong></span> <span class='ocrx_word' id='word_1_189' title='bbox 931 1662 932 1665; x_wconf 29' lang='grc'><strong>“</strong></span> 
     </span>
    </p>
   </div>
   <div class='ocr_carea' id='block_1_6' title="bbox 16 1781 964 2733">
    <p class='ocr_par' dir='ltr' id='par_1_6' title="bbox 18 1781 942 2092">
     <span class='ocr_line' id='line_1_22' title="bbox 84 1781 941 1845; baseline -0.009 -10"><span class='ocrx_word' id='word_1_190' title='bbox 84 1791 126 1835; x_wconf 89' lang='lat' dir='ltr'><strong>His</strong></span> <span class='ocrx_word' id='word_1_191' title='bbox 142 1790 173 1831; x_wconf 88' lang='lat' dir='ltr'><strong>ita</strong></span> <span class='ocrx_word' id='word_1_192' title='bbox 189 1782 314 1845; x_wconf 77' lang='lat' dir='ltr'><strong>disputatis,</strong></span> <span class='ocrx_word' id='word_1_193' title='bbox 333 1782 428 1845; x_wconf 88' lang='lat' dir='ltr'><strong>omnium</strong></span> <span class='ocrx_word' id='word_1_194' title='bbox 446 1781 548 1837; x_wconf 83' lang='lat' dir='ltr'><strong>Gregorii</strong></span> <span class='ocrx_word' id='word_1_195' title='bbox 564 1781 705 1838; x_wconf 80' lang='lat' dir='ltr'><strong>placitorum,</strong></span> <span class='ocrx_word' id='word_1_196' title='bbox 726 1796 782 1838; x_wconf 89' lang='lat' dir='ltr'><strong>quae</strong></span> <span class='ocrx_word' id='word_1_197' title='bbox 798 1782 941 1838; x_wconf 82' lang='lat' dir='ltr'><strong>pertractavi-</strong></span> 
     </span>
     <span class='ocr_line' id='line_1_23' title="bbox 18 1862 942 1928; baseline -0.012 -11"><span class='ocrx_word' id='word_1_198' title='bbox 18 1888 73 1928; x_wconf 83' lang='lat' dir='ltr'><strong>mus,</strong></span> <span class='ocrx_word' id='word_1_199' title='bbox 90 1871 203 1922; x_wconf 83' lang='lat' dir='ltr'><strong>ambitum,</strong></span> <span class='ocrx_word' id='word_1_200' title='bbox 222 1865 262 1908; x_wconf 89' lang='lat' dir='ltr'><strong>sub</strong></span> <span class='ocrx_word' id='word_1_201' title='bbox 277 1877 344 1906; x_wconf 85' lang='lat' dir='ltr'><strong>unum</strong></span> <span class='ocrx_word' id='word_1_202' title='bbox 359 1870 497 1920; x_wconf 80' lang='lat' dir='ltr'><strong>conspectum</strong></span> <span class='ocrx_word' id='word_1_203' title='bbox 514 1878 596 1920; x_wconf 84' lang='lat' dir='ltr'><strong>ponere</strong></span> <span class='ocrx_word' id='word_1_204' title='bbox 612 1863 692 1908; x_wconf 87' lang='lat' dir='ltr'><strong>licebit.</strong></span> <span class='ocrx_word' id='word_1_205' title='bbox 718 1862 789 1920; x_wconf 81' lang='lat' dir='ltr'><strong>Atque</strong></span> <span class='ocrx_word' id='word_1_206' title='bbox 804 1863 838 1905; x_wconf 92' lang='lat' dir='ltr'><strong>his</strong></span> <span class='ocrx_word' id='word_1_207' title='bbox 853 1864 942 1919; x_wconf 90' lang='lat' dir='ltr'><strong>quidem</strong></span> 
     </span>
     <span class='ocr_line' id='line_1_24' title="bbox 19 1944 940 2004; baseline -0.012 -5"><span class='ocrx_word' id='word_1_208' title='bbox 19 1955 139 2000; x_wconf 80' lang='lat' dir='ltr'><strong>secuudum</strong></span> <span class='ocrx_word' id='word_1_209' title='bbox 156 1965 193 2001; x_wconf 81' lang='lat' dir='ltr'><strong>ea,</strong></span> <span class='ocrx_word' id='word_1_210' title='bbox 217 1960 273 2004; x_wconf 87' lang='lat' dir='ltr'><strong>quae</strong></span> <span class='ocrx_word' id='word_1_211' title='bbox 293 1944 344 2001; x_wconf 89' lang='lat' dir='ltr'><strong>ipsis</strong></span> <span class='ocrx_word' id='word_1_212' title='bbox 364 1945 447 2001; x_wconf 86' lang='lat' dir='ltr'><strong>scriptis</strong></span> <span class='ocrx_word' id='word_1_213' title='bbox 463 1946 565 2003; x_wconf 84' lang='lat' dir='ltr'><strong>Gregorii</strong></span> <span class='ocrx_word' id='word_1_214' title='bbox 586 1946 677 1989; x_wconf 87' lang='lat' dir='ltr'><strong>ducibus</strong></span> <span class='ocrx_word' id='word_1_215' title='bbox 698 1946 848 2002; x_wconf 79' lang='lat' dir='ltr'><strong>exposuimus,</strong></span> <span class='ocrx_word' id='word_1_216' title='bbox 870 1945 940 1989; x_wconf 90' lang='lat' dir='ltr'><strong>omnis</strong></span> 
     </span>
     <span class='ocr_line' id='line_1_25' title="bbox 18 2023 880 2092; baseline -0.015 -13"><span class='ocrx_word' id='word_1_217' title='bbox 18 2034 123 2092; x_wconf 81' lang='lat' dir='ltr'><strong>Gregorii</strong></span> <span class='ocrx_word' id='word_1_218' title='bbox 141 2030 238 2073; x_wconf 87' lang='lat' dir='ltr'><strong>doctrina</strong></span> <span class='ocrx_word' id='word_1_219' title='bbox 256 2026 436 2083; x_wconf 50' lang='lat' dir='ltr'><strong>anthropologiae&gt;</strong></span> <span class='ocrx_word' id='word_1_220' title='bbox 446 2029 551 2070; x_wconf 84' lang='lat' dir='ltr'><strong>contineri</strong></span> <span class='ocrx_word' id='word_1_221' title='bbox 568 2027 661 2071; x_wconf 83' lang='lat' dir='ltr'><strong>videtur.</strong></span> <span class='ocrx_word' id='word_1_222' title='bbox 876 2023 880 2029; x_wconf 67' lang='grc'>”</span> 
     </span>
    </p>

    <p class='ocr_par' dir='ltr' id='par_1_7' title="bbox 17 2106 940 2567">
     <span class='ocr_line' id='line_1_26' title="bbox 87 2106 940 2165; baseline -0.006 -11"><span class='ocrx_word' id='word_1_223' title='bbox 87 2131 106 2159; x_wconf 91' lang='lat'><strong>1.</strong></span> <span class='ocrx_word' id='word_1_224' title='bbox 130 2115 204 2160; x_wconf 91' lang='lat' dir='ltr'><strong>Homo</strong></span> <span class='ocrx_word' id='word_1_225' title='bbox 223 2111 245 2152; x_wconf 92' lang='lat' dir='ltr'><strong>in</strong></span> <span class='ocrx_word' id='word_1_226' title='bbox 267 2115 324 2152; x_wconf 85' lang='lat' dir='ltr'><strong>statu</strong></span> <span class='ocrx_word' id='word_1_227' title='bbox 342 2108 451 2165; x_wconf 73' lang='lat' dir='ltr'><strong>primitivo</strong></span> <span class='ocrx_word' id='word_1_228' title='bbox 472 2107 569 2164; x_wconf 82' lang='lat' dir='ltr'><strong>pluribus</strong></span> <span class='ocrx_word' id='word_1_229' title='bbox 589 2108 661 2160; x_wconf 79' lang='lat' dir='ltr'><strong>bonis,</strong></span> <span class='ocrx_word' id='word_1_230' title='bbox 683 2119 738 2163; x_wconf 81' lang='lat' dir='ltr'><strong>quae</strong></span> <span class='ocrx_word' id='word_1_231' title='bbox 763 2106 821 2163; x_wconf 86' lang='lat' dir='ltr'><strong>lapsa</strong></span> <span class='ocrx_word' id='word_1_232' title='bbox 839 2107 940 2163; x_wconf 59' lang='lat' dir='ltr'><strong>perdidit</strong></span> 
     </span>
     <span class='ocr_line' id='line_1_27' title="bbox 18 2188 940 2248; baseline -0.012 -4"><span class='ocrx_word' id='word_1_233' title='bbox 18 2193 122 2244; x_wconf 89' lang='lat' dir='ltr'><strong>nimirum</strong></span> <span class='ocrx_word' id='word_1_234' title='bbox 139 2192 299 2238; x_wconf 82' lang='lat' dir='ltr'><strong>immortalitate</strong></span> <span class='ocrx_word' id='word_1_235' title='bbox 314 2190 416 2248; x_wconf 85' lang='lat' dir='ltr'><strong>eorporis,</strong></span> <span class='ocrx_word' id='word_1_236' title='bbox 432 2191 538 2233; x_wconf 81' lang='lat' dir='ltr'><strong>vacuitate</strong></span> <span class='ocrx_word' id='word_1_237' title='bbox 554 2188 810 2232; x_wconf 62' lang='lat' dir='ltr'><strong>omnium&#39;moiestiarum</strong></span> <span class='ocrx_word' id='word_1_238' title='bbox 827 2188 860 2231; x_wconf 86' lang='lat' dir='ltr'><strong>vel</strong></span> <span class='ocrx_word' id='word_1_239' title='bbox 875 2189 940 2233; x_wconf 87' lang='lat' dir='ltr'><strong>animi</strong></span> 
     </span>
     <span class='ocr_line' id='line_1_28' title="bbox 18 2268 939 2335; baseline -0.014 -11"><span class='ocrx_word' id='word_1_240' title='bbox 18 2282 53 2327; x_wconf 82' lang='lat' dir='ltr'><strong>vel</strong></span> <span class='ocrx_word' id='word_1_241' title='bbox 70 2278 178 2335; x_wconf 78' lang='lat' dir='ltr'><strong>corpori53</strong></span> <span class='ocrx_word' id='word_1_242' title='bbox 196 2288 248 2330; x_wconf 86' lang='lat' dir='ltr'><strong>pura</strong></span> <span class='ocrx_word' id='word_1_243' title='bbox 264 2273 306 2317; x_wconf 88' lang='lat' dir='ltr'><strong>Dei</strong></span> <span class='ocrx_word' id='word_1_244' title='bbox 322 2272 455 2327; x_wconf 81' lang='lat' dir='ltr'><strong>cognitione,</strong></span> <span class='ocrx_word' id='word_1_245' title='bbox 472 2272 541 2313; x_wconf 87' lang='lat' dir='ltr'><strong>libero</strong></span> <span class='ocrx_word' id='word_1_246' title='bbox 557 2271 645 2315; x_wconf 87' lang='lat' dir='ltr'><strong>arbitrio</strong></span> <span class='ocrx_word' id='word_1_247' title='bbox 660 2270 725 2327; x_wconf 85' lang='lat' dir='ltr'><strong>pleno</strong></span> <span class='ocrx_word' id='word_1_248' title='bbox 741 2277 763 2312; x_wconf 90' lang='lat' dir='ltr'><strong>et</strong></span> <span class='ocrx_word' id='word_1_249' title='bbox 778 2268 881 2326; x_wconf 65' lang='lat' dir='ltr'><strong>perfecto,</strong></span> <span class='ocrx_word' id='word_1_250' title='bbox 894 2271 939 2312; x_wconf 81' lang='lat' dir='ltr'><strong>sine</strong></span> 
     </span>
     <span class='ocr_line' id='line_1_29' title="bbox 17 2348 940 2411; baseline -0.02 -6"><span class='ocrx_word' id='word_1_251' title='bbox 17 2362 62 2405; x_wconf 84' lang='lat' dir='ltr'><strong>uilo</strong></span> <span class='ocrx_word' id='word_1_252' title='bbox 80 2357 151 2402; x_wconf 87' lang='lat' dir='ltr'><strong>carnis</strong></span> <span class='ocrx_word' id='word_1_253' title='bbox 167 2370 216 2397; x_wconf 88' lang='lat' dir='ltr'><strong>oum</strong></span> <span class='ocrx_word' id='word_1_254' title='bbox 233 2356 309 2411; x_wconf 86' lang='lat' dir='ltr'><strong>spiritu</strong></span> <span class='ocrx_word' id='word_1_255' title='bbox 326 2354 442 2396; x_wconf 87' lang='lat' dir='ltr'><strong>certamine</strong></span> <span class='ocrx_word' id='word_1_256' title='bbox 457 2352 571 2407; x_wconf 82' lang='lat' dir='ltr'><strong>gaudebat.</strong></span> <span class='ocrx_word' id='word_1_257' title='bbox 601 2352 658 2392; x_wconf 84' lang='lat' dir='ltr'><strong>Caro</strong></span> <span class='ocrx_word' id='word_1_258' title='bbox 672 2358 742 2393; x_wconf 86' lang='lat' dir='ltr'><strong>tamen</strong></span> <span class='ocrx_word' id='word_1_259' title='bbox 757 2349 833 2393; x_wconf 78' lang='lat' dir='ltr'><strong>naturai</strong></span> <span class='ocrx_word' id='word_1_260' title='bbox 849 2348 888 2393; x_wconf 76' lang='lat' dir='ltr'><strong>sud</strong></span> <span class='ocrx_word' id='word_1_261' title='bbox 904 2350 940 2391; x_wconf 55' lang='lat' dir='ltr'><strong>ina.</strong></span> 
     </span>
     <span class='ocr_line' id='line_1_30' title="bbox 17 2426 939 2494; baseline -0.016 -8"><span class='ocrx_word' id='word_1_262' title='bbox 17 2442 100 2486; x_wconf 86' lang='lat' dir='ltr'><strong>firmior</strong></span> <span class='ocrx_word' id='word_1_263' title='bbox 115 2444 161 2481; x_wconf 87' lang='lat' dir='ltr'><strong>erat</strong></span> <span class='ocrx_word' id='word_1_264' title='bbox 181 2438 265 2494; x_wconf 80' lang='lat' dir='ltr'><strong>spiritu.</strong></span> <span class='ocrx_word' id='word_1_265' title='bbox 292 2426 373 2489; x_wconf 76' lang='lat' dir='ltr'><strong>&#39;Imago</strong></span> <span class='ocrx_word' id='word_1_266' title='bbox 397 2438 418 2475; x_wconf 89' lang='lat' dir='ltr'><strong>ot</strong></span> <span class='ocrx_word' id='word_1_267' title='bbox 438 2432 554 2477; x_wconf 84' lang='lat' dir='ltr'><strong>similitudo</strong></span> <span class='ocrx_word' id='word_1_268' title='bbox 571 2433 614 2477; x_wconf 84' lang='lat' dir='ltr'><strong>Dei</strong></span> <span class='ocrx_word' id='word_1_269' title='bbox 636 2431 707 2490; x_wconf 86' lang='lat' dir='ltr'><strong>primo</strong></span> <span class='ocrx_word' id='word_1_270' title='bbox 725 2429 939 2480; x_wconf 71' lang='lat' dir='ltr'><strong>homini&#39;ooucreata</strong></span> 
     </span>
     <span class='ocr_line' id='line_1_31' title="bbox 20 2515 485 2567; baseline -0.019 -1"><span class='ocrx_word' id='word_1_271' title='bbox 20 2522 142 2566; x_wconf 77' lang='lat' dir='ltr'><strong>moralibus</strong></span> <span class='ocrx_word' id='word_1_272' title='bbox 163 2520 228 2567; x_wconf 85' lang='lat' dir='ltr'><strong>animi</strong></span> <span class='ocrx_word' id='word_1_273' title='bbox 248 2516 334 2560; x_wconf 85' lang='lat' dir='ltr'><strong>dotibus</strong></span> <span class='ocrx_word' id='word_1_274' title='bbox 351 2515 485 2560; x_wconf 82' lang='lat' dir='ltr'><strong>cernebatur.</strong></span> 
     </span>
    </p>

    <p class='ocr_par' dir='ltr' id='par_1_8' title="bbox 16 2594 964 2733">
     <span class='ocr_line' id='line_1_32' title="bbox 90 2594 964 2657; baseline -0.014 -13"><span class='ocrx_word' id='word_1_275' title='bbox 90 2616 110 2644; x_wconf 78' lang='lat'><strong>2.</strong></span> <span class='ocrx_word' id='word_1_276' title='bbox 136 2601 234 2653; x_wconf 77' lang='lat' dir='ltr'><strong>uiatori,</strong></span> <span class='ocrx_word' id='word_1_277' title='bbox 256 2601 293 2657; x_wconf 87' lang='lat' dir='ltr'><strong>qui</strong></span> <span class='ocrx_word' id='word_1_278' title='bbox 314 2599 420 2655; x_wconf 87' lang='lat' dir='ltr'><strong>serpentis</strong></span> <span class='ocrx_word' id='word_1_279' title='bbox 439 2598 531 2655; x_wconf 83' lang='lat' dir='ltr'><strong>speciem</strong></span> <span class='ocrx_word' id='word_1_280' title='bbox 552 2596 663 2648; x_wconf 73' lang='lat' dir='ltr'><strong>induerat,</strong></span> <span class='ocrx_word' id='word_1_281' title='bbox 686 2596 775 2637; x_wconf 86' lang='lat' dir='ltr'><strong>inductu</strong></span> <span class='ocrx_word' id='word_1_282' title='bbox 798 2599 820 2635; x_wconf 89' lang='lat' dir='ltr'><strong>et</strong></span> <span class='ocrx_word' id='word_1_283' title='bbox 836 2605 937 2649; x_wconf 89' lang='lat' dir='ltr'><strong>persuasu</strong></span> <span class='ocrx_word' id='word_1_284' title='bbox 963 2594 964 2597; x_wconf 75' lang='grc'>’</span> 
     </span>
     <span class='ocr_line' id='line_1_33' title="bbox 16 2673 937 2733; baseline -0.014 -5"><span class='ocrx_word' id='word_1_285' title='bbox 16 2682 113 2728; x_wconf 82' lang='lat' dir='ltr'><strong>Adamuo</strong></span> <span class='ocrx_word' id='word_1_286' title='bbox 128 2691 149 2724; x_wconf 88' lang='lat' dir='ltr'><strong>et</strong></span> <span class='ocrx_word' id='word_1_287' title='bbox 162 2683 208 2727; x_wconf 82' lang='lat' dir='ltr'><strong>Era</strong></span> <span class='ocrx_word' id='word_1_288' title='bbox 225 2682 356 2724; x_wconf 81' lang='lat' dir='ltr'><strong>ceciderunt.</strong></span> <span class='ocrx_word' id='word_1_289' title='bbox 387 2673 513 2724; x_wconf 74' lang='lat' dir='ltr'><strong>vPrimorum</strong></span> <span class='ocrx_word' id='word_1_290' title='bbox 528 2678 640 2722; x_wconf 89' lang='lat' dir='ltr'><strong>hominum</strong></span> <span class='ocrx_word' id='word_1_291' title='bbox 654 2681 767 2733; x_wconf 83' lang='lat' dir='ltr'><strong>peccatum</strong></span> <span class='ocrx_word' id='word_1_292' title='bbox 783 2688 832 2716; x_wconf 89' lang='lat' dir='ltr'><strong>cum</strong></span> <span class='ocrx_word' id='word_1_293' title='bbox 848 2673 937 2731; x_wconf 57' lang='lat' dir='ltr'><strong>angeio«</strong></span> 
     </span>
    </p>
   </div>
   <div class='ocr_carea' id='block_1_7' title="bbox 0 0 1004 2998">
    <p class='ocr_par' dir='ltr' id='par_1_9' title="bbox 0 0 1004 2998">
     <span class='ocr_line' id='line_1_34' title="bbox 0 0 1004 2998; baseline 0 3"><span class='ocrx_word' id='word_1_294' title='bbox 0 0 1004 2998; x_wconf 95' lang='lat' dir='ltr'><strong> </strong></span> 
     </span>
    </p>
   </div>
  </div>
 </body>
</html>
