1999 2998
434 127 561 186 „Q

39 245 80 299 tihi
100 246 175 291 illicite
195 246 301 290 desideras
320 239 456 296 singulariter
469 238 589 296 usurpare.
605 260 636 273 -
663 240 743 285 Paulus
766 246 875 299 apostolus
894 261 961 304 quum

42 332 129 375 audiret
143 329 243 388 quosdam
259 324 341 364 dicere:
376 322 424 379 Ego
437 336 484 365 sum
498 321 560 366 Pauli
565 345 572 375 ,·
585 327 631 378 ego
646 336 699 367 vero
712 323 811 380 Cepheo:
833 322 894 367 hanc
905 328 962 369 dila-

42 415 169 455 cerationem
188 404 284 461 corporis
300 404 402 460 Domini,
426 419 545 463 perquam
561 404 658 449 membra
674 405 720 462 ejus
741 405 788 448 aliis
803 408 962 464 quodammodo

42 507 64 535 se
85 488 189 546 capitibus
207 487 326 543 sociabant,
338 486 529 535 uehementissime
546 489 712 547 perhorrescens
728 489 861 543 exclamavit,
878 491 962 533 dicens:

37 572 147 629 Numquid
167 571 245 614 Paulus
265 585 305 629 pro
328 570 527 616 vobiscrucihxus
537 570 580 625 est,
592 581 593 584 ’
603 566 684 614 ‘a'atsin
704 572 791 614 nornine
810 572 871 615 Pauli
887 572 961 629 bapti-

39 655 82 698 zati
99 650 163 696 estis?
190 655 213 697 Si
229 669 282 712 ergo
301 654 338 697 ille
353 654 451 698 menrbra
469 653 569 696 dominici
586 654 683 710 corporis
699 654 763 697 certis
778 662 839 699 extra
851 655 960 699 Christum

40 736 98 794 quasi
114 735 232 792 capitibus,
255 744 278 781 et
293 737 343 794 ipsis
360 737 449 795 quidem
464 734 569 793 Apostolis
588 735 664 792 subjici
678 737 800 795 partialiter
817 737 913 781 evitavit:
937 741 961 776 tu

39 818 89 875 quid
104 817 204 872 Christo,
221 820 362 863 universatis
374 820 461 862 scilicet
472 820 583 865 ecclesiae
601 820 682 876 capiti,
707 820 730 862 in
744 820 834 863 extremi
849 819 922 875 judicii
939 832 962 861 es

39 901 135 942 dicturus
151 901 272 953 examine,-
288 902 324 957 qui
346 898 488 955 nancradus
512 902 608 944 membra
629 902 713 946 tibimet
728 903 820 956 conaris
837 900 961 943 universalis

39 974 359 1041 appellatione'supponercffl
387 968 437 1025 Lib.
457 983 480 1026 V·
495 985 556 1041 epist.
576 986 611 1026 18.
647 983 775 1037 „Recedaut
790 983 878 1036 verba“,
891 983 962 1026 Eulo-

40 1067 75 1121 gio
89 1065 208 1122 rescripsit,
229 1066 266 1123 qui
285 1078 336 1108 eum
353 1065 416 1109 titulo
428 1066 582 1122 patriarchae
598 1065 734 1109 oecumenici
749 1054 873 1117 ornaverat,
890 1077 961 1119 „quae

38 1147 154 1189 vanitatem
170 1147 256 1201 inflant,
273 1152 295 1188 et
309 1146 420 1208 caritatem
430 1143 564 1190 vulnerant.“
577 1147 639 1189 utu
655 1148 710 1191 VIII.
728 1147 791 1203 epist.
806 1148 850 1189 50:
872 1145 960 1199 „Triste

41 1229 104 1271 valde
120 1230 174 1280 est,“
190 1229 274 1286 scripsit
289 1229 441 1272 constantinae
455 1229 563 1285 Augustae
581 1230 617 1272 hh.
629 1229 655 1273 V.
672 1229 733 1287 epist.
748 1242 783 1270 21.
800 1235 839 1282 „ut
854 1228 967 1286 patienter

40 1307 135 1363 feratur,
161 1317 267 1365 quatenus
284 1312 516 1369 despectisomnibas,
542 1310 649 1355 frateret
666 1312 804 1368 co'e'piscopus
821 1324 882 1352 meus
903 1308 961 1351 solus

39 1391 253 1446 coneturappellari
272 1393 395 1450 episcopus
428 1394 472 1435 Sed
491 1394 515 1435 in
533 1393 574 1434 hae
592 1394 637 1448 ejus
655 1393 755 1450 superbia
774 1392 825 1448 quid
845 1391 904 1434 aliud
921 1390 968 1432 nisi

38 1473 158 1530 propinqua
173 1470 215 1526 jam
229 1471 354 1523 Antichristi
369 1487 415 1516 esse
429 1481 527 1531 tempora
541 1473 681 1529 designatur?
712 1474 770 1531 Quia
785 1474 847 1515 illum
862 1472 962 1516 videlicet

41 1557 147 1608 imitatur,
169 1555 207 1609 qui
224 1554 301 1609 spretis
322 1555 345 1596 iu
365 1556 437 1597 sociali
457 1556 535 1611 gaudio
551 1553 676 1612 angelorum
692 1555 814 1612 legionibus
832 1556 860 1597 ad
875 1554 961 1596 culmen

41 1645 129 1682 conatus
144 1643 176 1679 est
191 1636 342 1692 singularitatis
356 1638 485 1692 erumpere,
494 1638 566 1678 dicens
576 1639 631 1689 (lsai.
645 1640 738 1694 14,15):
756 1639 827 1694 Super
841 1644 896 1679 astra
906 1637 960 1675 cet.“

102 1724 125 1765 2.
148 1718 249 1775 Episcopi
266 1719 399 1761 oecumenici
415 1717 477 1762 titulo
492 1709 574 1760 ceteris
582 1718 729 1763 sacerdothus
743 1718 824 1775 aliquid
838 1717 960 1770 derogatur,

38 1809 60 1845 et
74 1798 118 1858 pan
135 1799 238 1842 ecclesiae
255 1799 360 1842 turbatur.

103 1881 238 1936 „Perpende,
254 1895 320 1936 rogo,
341 1881 391 1937 quia
408 1881 430 1921 iu
447 1880 488 1923 hac
505 1877 665 1938 praesumtione
681 1881 808 1932 temeraria,
828 1891 877 1934 poa
893 1876 961 1917 totius

40 1962 147 2008 turbatur
172 1963 296 2012 ecclcsr'ae,
324 1968 346 2004 et
369 1963 465 2019 gratioe
491 1963 656 2005 contradicitur
685 1960 832 2003 communiter
861 1954 962 1999 omuibus

39 2046 138 2106 effirsae.
155 2064 183 2073 -
199 2065 228 2076 -·
244 2043 268 2084 In
283 2049 364 2084 tautum
379 2042 472 2098 proficis,
488 2043 510 2085 in
528 2049 631 2099 quantum
651 2041 690 2083 tibi
707 2055 751 2081 aon
764 2039 880 2081 studueris
893 2038 960 2079 dero-

37 2128 117 2188 gando
135 2123 257 2182 fratribus
274 2137 397 2180 arrogare.
432 2118 582 2168 Humilitatem
601 2137 664 2178 crgo,
681 2123 758 2165 Frater
772 2119 890 2171 carissime,
911 2121 961 2162 totis

38 2208 155 2254 visceribus
173 2205 248 2261 dilige,
273 2219 391 2261 perquam
410 2213 541 2249 cassatorum
549 2207 659 2262 flatrum
673 2203 805 2253 concordia,
823 2207 845 2244 et
864 2207 959 2245 sanctae

35 2289 176 2336 ¹universalis
198 2288 309 2337 ecelesiae
334 2289 411 2331 atritas
436 2289 514 2331 valeat
535 2287 652 2334 custodiri.
673 2307 703 2319 -
741 2284 776 2324 Ex
799 2285 841 2326 hoc
865 2281 960 2326 nefando

41 2373 134 2417 elationis
150 2370 255 2415 vocabulo
270 2368 359 2410 ecclesia
369 2369 485 2421 scinditar3
502 2367 593 2409 fratrum
610 2368 705 2408 omnium
720 2365 783 2407 corda
797 2367 823 2408 ad
835 2365 959 2408 scandalum

42 2461 186 2510 provocantur.
208 2449 369 2506 Numquidnam
384 2457 457 2493 mente
471 2449 557 2502 excidit,
577 2449 634 2506 quod
650 2448 733 2491 Veritas
750 2448 809 2491 dicit:
837 2449 881 2503 Qui
896 2458 959 2487 scan-

45 2535 161 2580 dalizarerit
177 2550 245 2579 unum
265 2540 306 2576 cet.
321 2534 430 2591 Scriptum
450 2539 491 2576 est:
515 2533 596 2576 Caritas
614 2545 657 2573 nun
674 2531 758 2588 quaerit
774 2519 829 2585 auae
847 2543 885 2570 sua
902 2533 957 2569 suut¹

44 2615 102 2657 Ecce
111 2609 316 2662 vestraFraternitas
328 2617 368 2660 sibi
378 2622 465 2672 arrogat
474 2616 538 2657 etiarn
553 2614 645 2657 aliena.“
660 2612 709 2655 Lib.
720 2613 747 2654 V.
759 2626 792 2665 ep.
805 2612 838 2651 18.
857 2609 894 2659 „si
905 2622 959 2652 unus

38 2696 179 2755 patriarcha
195 2703 329 2745 universalis
344 2701 433 2751 dicitur,
456 2696 626 2752 patriarcharum
646 2707 725 2737 nomen
745 2693 821 2734 ceteris
837 2691 958 2745 derogatur.

40 2781 83 2823 Sed
99 2778 155 2822 absit
170 2777 221 2832 hoc,
246 2782 299 2824 absit
314 2799 326 2825 a
341 2781 450 2827 christiani
465 2784 536 2821 ruente
552 2781 574 2822 id
590 2779 631 2822 sibi
648 2776 704 2823 velle
718 2776 840 2833 quempiam
855 2775 958 2832 arripere,
