1999 2998
44 195 78 237 sit.
109 194 154 238 Neo
168 193 190 238 in
204 197 259 240 omni
276 198 512 255 depraedestinatione
527 196 651 254 quaestione
667 196 688 237 in
707 196 833 240 universum
850 196 965 252 ptus'justo

44 290 121 333 sapere
138 280 228 332 audere,
261 286 282 323 et
298 280 320 322 id
335 282 398 323 modo
414 293 537 337 persuasum
553 278 634 322 habere
649 278 765 332 debemus,
797 280 869 322 Deum
885 278 964 332 justum

43 360 264 415 noninjusteagere.
324 380 356 384 ¹·

88 439 139 482 -Ad
156 454 165 480 1
185 442 239 483 Sam.
255 444 331 493 osea:
362 440 447 483 Elaion
466 441 590 485 orrdiernnt
605 452 679 481 vocem
695 442 772 496 patris
792 444 829 484 arri
843 442 894 498 (filii
910 443 963 499 Eli),

43 520 97 575 quio
113 521 181 563 uoluit
202 522 311 564 Dominus
325 522 433 564 ,occidere
450 536 507 572 eos„
520 521 575 562 haee
592 519 655 562 affert
672 521 799 576 Gregorius:
833 525 888 577 ;,Per
905 526 962 567 Pro-

43 600 131 661 phetam
148 597 235 659 (Eaeclr.
247 603 281 654 18,
293 602 330 643 25.
348 609 369 645 et
384 604 420 655 55,
433 601 475 659 11.)
492 601 599 644 Dominus
617 600 748 653 denuntians,
768 604 807 645 ait:
827 605 883 647 Nolo
900 621 961 649 mor-

43 685 88 722 tem
102 681 229 737 peccatoris,
248 683 285 723 sed
306 688 329 724 ut
347 689 481 726 convertatur
499 690 521 725 et
539 682 601 725 vivat.
621 681 676 734 ,Qui
693 682 749 723 enim
765 692 899 738 peccatorem
915 689 960 731 rult

43 761 128 813 vivere,
160 768 350 815 orcomenam,
380 766 401 806 si
418 764 475 806 linaro
494 760 686 806 inconvertibilem
706 763 783 806 divino
802 770 958 822 praescientia

43 842 124 893 irascit,
143 841 225 884 occidit.
255 842 308 886 Vult
326 856 376 897 ergo
392 842 496 884 Dominus
515 843 633 893 occidere,
643 842 680 882 sed
696 856 742 895 eos,
761 859 816 900 quos
825 852 958 902 praenoscit

44 921 147 962 corrvertr'
160 922 223 964 nollo.
254 922 378 965 Misericors
391 922 451 964 enim
463 929 484 965 et
496 922 565 983 justus
580 923 685 975 asseritur,
700 925 750 965 duni
768 939 780 966 a
795 926 901 983 Propheta
915 931 957 973 lla-

43 1000 124 1054 giratur
139 1002 226 1056 (Psalm.
246 1008 296 1058 115,
314 1003 356 1059 5.):
372 1004 478 1059 Domine,
494 1004 571 1060 inquit,
588 1003 655 1052 libera
669 1006 759 1047 aniuiam
778 1020 853 1061 umam,
873 1011 957 1053 miseri-

42 1095 91 1123 cors
108 1089 129 1125 et
144 1083 210 1137 justus
227 1087 286 1128 Deus
306 1092 384 1128 noster.
416 1086 458 1127 Per
474 1085 642 1127 misericordiam
662 1086 755 1130 converti
771 1087 816 1130 vult
836 1097 958 1142 peccatores

42 1170 64 1204 et
80 1163 164 1216 vivere,
194 1168 230 1208 sed
245 1181 283 1222 per
297 1168 398 1222 justitiam
415 1181 460 1219 eos,
484 1168 521 1222 qui
540 1168 640 1216 corrnerti
657 1168 789 1218 nolum-unt,
814 1168 859 1209 vult
874 1172 958 1224 punire:

42 1245 210 1289 misericorditer
223 1261 264 1289 nou
279 1248 354 1300 salvat,
369 1247 505 1292 nisirolens:
522 1261 562 1302 per
577 1248 679 1301 justitiam
694 1247 769 1287 nolens
788 1247 880 1291 damnat.
900 1252 959 1295 Dum

42 1339 95 1382 ergo
112 1328 209 1369 occidere
227 1328 281 1371 velle
300 1327 389 1381 dicitur,
410 1326 545 1384 peccatorum
567 1327 666 1382 impietas
680 1327 772 1368 nrauinra
791 1333 813 1368 et
829 1330 957 1375 irrerrzenda-

42 1408 95 1450 attis
109 1410 227 1451 ostenditur
243 1423 298 1464 quae
313 1408 532 1451 voluntarie-divinae
548 1406 640 1462 justitiae
651 1408 783 1457 executione
797 1409 901 1463 puniatur.
920 1414 955 1455 Sic

42 1489 118 1543 utique
137 1496 158 1531 et
174 1490 275 1545 piissimos
300 1489 428 1535 secularium
448 1489 581 1544 negotiorum
600 1487 679 1542 judices
697 1489 761 1542 agere
785 1490 892 1543 ridemus‚
919 1497 955 1548 qui

41 1568 123 1612 uellent
135 1575 159 1610 ut
173 1583 235 1610 nemo
249 1570 429 1625 deliriqrieret„ut
445 1570 484 1624 ipsi
494 1568 700 1625 punireneminem
715 1569 830 1611 deberent:
851 1573 888 1613 sed
904 1574 956 1616 dum

40 1649 67 1689 ab
85 1649 163 1704 iniquis
179 1650 279 1691 audacter
294 1649 376 1690 seelera
394 1651 567 1699 committuntur,
582 1647 699 1690 voluntarie
716 1661 753 1709 eos
770 1650 871 1703 puniunt,
904 1668 955 1707 quos

40 1727 143 1776 libentius
160 1743 203 1770 non
218 1729 348 1770 commisisse
362 1730 469 1783 punienda
485 1729 606 1772 voluerunt.
639 1728 688 1780 Quo
706 1735 780 1769 contra
800 1730 853 1771 illud
871 1732 911 1774 hoc
931 1736 953 1776 in

40 1811 88 1852 loeo
104 1810 209 1863 cernitur,
228 1809 334 1865 quianon
350 1808 407 1850 dicit:
441 1809 496 1862 Quia
513 1807 637 1861 corrigentis
653 1808 716 1862 patris
734 1821 809 1851 vocem
823 1812 896 1853 audire
912 1829 954 1856 no-

40 1893 142 1947 luerunt3
159 1890 262 1943 sed7Non
277 1890 376 1931 audiere:
398 1889 447 1945 quia
462 1889 528 1931 voluit
548 1902 583 1929 eos
600 1888 703 1930 Dominus
718 1890 823 1931 occidere.
859 1894 900 1935 Sed
916 1897 954 1951 qui

40 1973 240 2016 dioinicnominis
261 1971 397 2026 rreqzu'tntem
413 1976 471 2012 recte
485 1969 746 2021 considerahinteresse
766 1970 819 2012 nihil
835 1980 905 2028 putat,
928 1991 954 2017 an

39 2053 151 2094 occidatur
165 2053 250 2107 aliquis,
266 2065 292 2092 an
311 2051 347 2091 illo
361 2051 383 2091 in
398 2050 478 2092 scelere
497 2052 627 2102 dimittatur,
648 2052 669 2091 in
686 2066 726 2107 quo
747 2057 833 2093 aeterua
850 2055 952 2110 reproba-

38 2133 98 2175 tione
113 2133 235 2188 perimatur.
276 2131 332 2172 Tale
349 2138 387 2184 est,
407 2147 430 2173 ac
447 2133 545 2174 sidicat:
578 2131 647 2171 Tanta
665 2129 706 2173 tuit
727 2133 851 2186 uragnitudo
871 2133 950 2188 culpae,

38 2222 62 2256 ut
81 2221 102 2256 et
117 2211 257 2255 conversionis
275 2217 414 2252 monumenta
430 2214 573 2265 susciperem
591 2217 612 2251 et
630 2224 642 2249 a
662 2213 733 2254 nrortis
750 2227 802 2253 suae
822 2210 882 2254 fovea
902 2228 951 2255 sur-

39 2309 91 2352 gere
108 2305 241 2349 nequaqnam
258 2281 354 2348 possent:
386 2300 406 2334 et
421 2292 456 2346 qui
471 2293 515 2333 irae
533 2291 574 2332 Dei
592 2290 677 2346 pelagus
696 2290 805 2343 biberant,
822 2293 843 2333 in
861 2294 951 2336 damna-

39 2376 102 2419 tionis
118 2388 168 2416 suae
185 2374 294 2415 cumulum
312 2371 417 2415 haberent
433 2387 474 2414 non
490 2372 560 2413 solum
575 2384 665 2427 poenam
684 2371 789 2412 commissi
804 2373 897 2428 sceleris,
913 2378 952 2417 sed

40 2459 104 2501 etiam
125 2455 218 2497 additam
235 2455 350 2497 vindictam
370 2459 491 2495 contemtac
512 2452 695 2508 praedicationis.“
726 2452 749 2492 ld
774 2454 836 2494 etiam
857 2455 953 2497 ludaeo-

38 2553 88 2579 rum
106 2551 148 2579 non
164 2536 295 2578 credentium
314 2533 412 2589 exemplo
430 2533 535 2575 illustrare
552 2533 629 2574 studet.
660 2531 706 2573 Lib.
720 2532 752 2572 ll„
765 2532 787 2572 in
805 2534 866 2589 prim.
884 2536 954 2593 Reggi

38 2633 85 2673 cap.
101 2632 121 2659 2,
139 2617 156 2674 55
171 2631 205 2658 20.
237 2614 405 2658 Praedestinatio
425 2614 488 2668 igitur
510 2613 629 2654 seeundum
648 2612 703 2653 huuc
721 2612 793 2654 locum
815 2618 955 2670 praescierint

36 2699 80 2741 Dei
100 2698 180 2739 nititur.

583 2773 631 2826 Qa
