1999 2998
453 74 580 134 Aa..

477 185 496 244 h·
513 190 552 233 213·

117 279 231 333 Postquam
249 266 367 326 Gregorius
389 278 456 311 annos
474 267 591 320 tredecim,
615 278 654 309 sex
678 278 764 310 menses
787 273 810 310 et
829 263 910 332 aliquot
934 268 980 311 dies

57 360 103 404 sedi
118 354 230 413 episcopali
245 354 360 397 Romanae
376 349 509 410 praefuerat,
527 349 585 393 diem
599 347 653 392 obiit
668 360 795 406 supremum
811 362 830 390 a.
848 348 911 403 fiola
939 362 980 394 nee

56 441 124 483 solum
139 435 225 487 Latini,
244 435 283 476 sed
302 434 368 477 etiam
385 433 466 477 Graeci
483 434 611 478 memoriam
629 433 675 489 ejus
689 444 773 477 summa
789 416 912 474 reverentia
927 439 980 486 pro-

54 517 123 562 secuti
134 523 190 559 sunt.
222 517 361 559 Graecorum
379 517 501 573 menologio
520 529 599 559 nornen
618 514 663 571 ejus
684 514 777 558 maxima
796 525 845 556 eum
864 511 928 555 laude
943 512 980 555 in-

55 600 207 657 scriptumest
223 597 252 639 ad
273 596 331 638 diem
345 599 383 642 Xl.
399 598 479 641 hilartii.

119 679 152 723 Ac
168 679 196 723 de
213 679 317 736 Gregorii
330 680 373 725 vita
388 692 428 737 pro
442 679 533 723 instituti
548 677 616 724 nostri
631 677 714 723 ratione
728 677 785 722 satis*
794 677 874 721 diotmn
896 685 934 721 est.

485 821 504 882 t.
521 827 559 870 aa.

116 921 152 965 Ex
166 922 200 964 his
215 921 328 978 disputatis
338 921 450 976 efficitur,
481 923 613 979 Gregorium
633 927 741 973 nostrum,
769 923 786 962 si
804 921 870 963 animi
887 921 981 966 indolem

57 1005 117 1049 omni
134 1002 256 1059 arrogantia
272 1003 377 1057 alienam,
400 1019 487 1047 morum
502 1003 643 1061 probitatem,
666 1003 723 1046 vitae
739 1003 895 1058 integritatem,
917 1017 982 1046 vere-

59 1087 160 1130 cundiam
182 1092 203 1127 et
220 1086 242 1125 in
259 1084 364 1140 religione
383 1086 498 1129 christiana
520 1084 668 1143 promovenda
689 1082 783 1125 studium
804 1096 855 1127 vere
879 1085 982 1142 apostoli-

59 1183 111 1211 cum
125 1173 256 1224 spectamus,
277 1168 335 1210 inter
357 1182 432 1210 ornnes
448 1166 560 1225 pontifices
576 1168 687 1210 Romanos
704 1165 825 1209 eminuisse.
856 1169 981 1224 Praecepta,

61 1264 118 1305 quae
132 1249 155 1291 in
169 1248 255 1305 Regula
269 1248 373 1292 Pastorali
385 1250 513 1306 praeiverat,
527 1248 628 1304 exemplo
642 1255 664 1291 et
679 1255 725 1291 toto
739 1249 796 1294 vitae
811 1249 885 1292 habitu
895 1262 982 1305 expres-

58 1330 97 1381 sit3
123 1328 227 1371 ecelesiae
247 1330 376 1373 christianae
391 1343 432 1385 per
451 1343 588 1373 communem
605 1330 670 1372 totius
691 1331 814 1374 Occidentis
833 1337 983 1387 tempestatem

58 1408 246 1467 calamitatemque
263 1410 344 1453 labenti
362 1425 387 1452 ae
403 1424 473 1467 prope
492 1411 577 1454 cadenti
593 1411 710 1464 succurrit,
736 1414 870 1469 eandemque
890 1409 983 1453 feliciter

60 1492 129 1544 rexit,
155 1492 290 1534 conservavit
313 1498 335 1533 et
355 1492 524 1535 institutionibus
541 1492 661 1535 salubribus
682 1494 752 1548 aurit,
782 1491 869 1537 fortiter
890 1492 984 1548 denique

62 1579 138 1615 contra
155 1571 206 1613 fidei
221 1572 319 1613 inimicos
334 1572 370 1615 vel
385 1579 485 1616 externos
503 1572 537 1616 vel
553 1572 680 1615 domesticos
697 1572 801 1618 defendit.
830 1574 983 1631 Propagandae

61 1658 120 1698 inter
135 1652 325 1710 cinglo-Saxones
341 1651 392 1695 fidei
415 1653 543 1697 christianae
564 1655 670 1707 studium,
703 1670 745 1712 quo
763 1655 874 1711 magnifice
894 1656 916 1696 in
936 1660 983 1697 ‘rent

61 1734 199 1777 christianam
216 1736 307 1782 meruit,
331 1748 374 1775 non
395 1749 407 1775 a
427 1735 551 1776 dominandi
568 1736 685 1790 cupiditate
704 1735 890 1792 proficiscebatur,
917 1737 954 1778 sed
971 1750 984 1777 a

58 1830 111 1860 vera
126 1814 171 1857 fide
187 1823 209 1858 et
224 1817 313 1859 caritate
329 1816 453 1868 christiana,
480 1830 522 1871 qua
544 1816 572 1857 ad
588 1829 679 1871 regnum
697 1817 776 1861 Christi
797 1819 929 1861 dilatandum
947 1815 984 1860 fe-

61 1897 157 1939 rebatur.
191 1899 311 1954 Gregorius
332 1898 408 1952 igitur‚
442 1898 519 1954 quiin
539 1897 855 1950 summolronorehabcatur,
884 1899 985 1953 diguissi-

60 1992 109 2021 mus
125 1983 164 2020 est.

132 2058 155 2099 Si
180 2057 207 2100 ad
227 2057 329 2114 Gregorii
350 2058 460 2114 ingenium
478 2064 500 2101 et
518 2059 637 2102 doctrinam
660 2067 791 2117 spectamus,
821 2073 869 2101 eum
890 2074 932 2101 uon
955 2062 984 2103 ita

59 2141 144 2197 magnis
158 2139 240 2196 ingenii
253 2140 339 2183 dotibus
353 2140 487 2197 praeditum,
511 2154 553 2183 nec
568 2140 637 2184 literis
654 2142 715 2186 valde
736 2141 845 2184 excultum
862 2138 928 2184 fuisse
942 2157 983 2199 ap-

59 2233 128 2285 paret.
151 2221 264 2278 *Quamvis
280 2219 425 2277 Augustinum
445 2223 544 2266 maximis
562 2222 661 2266 laudibus
681 2222 780 2277 efferret,
797 2220 827 2280 ¹³)
849 2229 871 2266 et
888 2223 910 2265 in
928 2224 983 2266 scri-

60 2318 148 2365 ptorum
161 2306 208 2361 ejus
223 2303 316 2345 lectione
330 2310 414 2347 tautum
433 2305 527 2347 studium
542 2303 659 2359 posuisset,
674 2311 699 2346 ut
714 2318 788 2347 eorum
805 2305 900 2350 lectionis
916 2307 984 2352 resti-

64 2388 219 2400 ——u—-fl-

79 2436 110 2483 13)
127 2433 196 2483 Quanti
205 2433 330 2482 Augustinum
343 2429 408 2468 fecerit
417 2430 522 2480 Gregorius,
534 2430 562 2470 tel
574 2429 618 2469 inde
631 2439 710 2484 apparet,
724 2434 774 2483 quod
788 2436 901 2479 innocentio,
910 2432 984 2470 Africae

129 2503 226 2552 praefecto,
240 2519 282 2542 suos
290 2506 310 2542 in
319 2505 386 2542 totum
399 2503 456 2540 libros
469 2503 562 2551 postulant
574 2505 672 2552 Augustini
684 2505 742 2542 libros
755 2506 872 2543 commendat
884 2506 903 2539 in
915 2503 948 2538 lib.
960 2504 983 2540 X.

134 2573 183 2617 epist.
195 2577 225 2624 37.
248 2578 280 2623 „Si
294 2576 383 2614 delicioso
397 2574 463 2624 cupitis
476 2575 542 2623 pabulo
556 2576 643 2624 saginari,
655 2575 704 2610 beati
717 2577 815 2624 Augustini
827 2574 916 2624 patriotae
929 2575 984 2611 rostri

134 2643 218 2685 opuscula
233 2646 296 2694 legite,
320 2653 339 2688 ct
355 2647 378 2685 ad
395 2647 550 2696 conparationem
567 2646 650 2700 ¹siliginis
671 2644 721 2682 illins
738 2651 822 2684 nostrum
839 2643 927 2683 furfurem
945 2657 983 2684 nou

133 2710 237 2758 qiraeratist‘
965 2708 967 2714 ”
