1999 2998
432 2 559 99 a„

26 170 66 208 na,
85 150 117 214 Π)
138 154 194 198 intra
213 153 270 210 ipsos
295 145 522 205 constantinopolitani
542 149 698 208 patriarchatus
720 153 788 208 fines,
817 166 841 201 ut
863 158 898 204 uel
913 165 946 202 'ex

28 254 92 281 causa
110 236 262 280 monachorum
278 230 370 272 Isauriae
387 236 484 286 apparet,
501 227 533 287 ¹²)
552 232 634 288 alequa
648 233 749 291 deinceps
764 234 946 297 uberiusdispu-

28 323 118 372 tabitur,
147 320 268 364 exerceret,
293 312 368 354 sedem
385 318 457 356 tamen
474 313 495 355 S.
514 312 574 356 Petri
592 326 636 355 noa
659 315 693 357 ad
711 315 808 360 Romam
826 319 944 373 restrinxit,

27 405 65 447 sed
80 400 145 443 tribus
164 396 227 447 locis,
248 393 351 448 Romae,
371 394 407 438 ubi
423 396 500 439 Petrus
515 395 572 440 diem
589 394 676 440 obiisset
690 409 827 454 supremum,
841 400 952 445 Alexam,

26 485 106 534 miae,
136 492 179 537 quo
194 476 293 531 lllurcum
311 479 462 534 evangelistam
480 492 542 522 suum
558 480 635 523 Petrus
650 479 752 534 misisset,
769 486 804 523 ,ut
823 483 853 524 ibi
869 485 944 528 sedem

24 566 109 623 figeret,
127 569 148 604 et
162 559 305 613 Antiochiae,
322 561 360 603 ubi
376 568 459 619 septem
474 576 540 604 annos
552 563 653 620 princeps
667 562 704 605 ille
720 565 864 622 apostolorum
881 581 944 611 com·

24 655 117 694 moratus
130 650 197 696 esset,
212 628 333 699 assignavit.

84 729 174 782 „Quum
192 726 254 769 multi
271 717 316 769 siut
333 724 445 783 apostoli‚“
462 724 561 781 Eulogio,
579 726 679 785 episcopo
692 724 844 782 Alexandrino,
859 730 943 787 scripsit

23 810 57 853 lib.
71 808 117 852 Vll.
135 808 197 865 epist.
213 809 256 864 ao,
270 821 325 865 „pro
338 810 385 866 ipso
400 815 472 851 tamen
487 809 608 865 principatu
622 810 667 852 sola
683 810 827 867 apostolorum
841 812 943 869 principis

22 894 83 935 sedes
97 888 119 933 in
136 891 266 934 auctoritate
282 891 397 946 convaluit,
411 903 466 948 quae
480 891 502 932 in
519 890 586 933 tribus
602 891 654 934 locis
669 894 736 935 unius
751 904 787 935 est.
821 895 871 951 lpse
886 897 944 938 enim

22 973 143 1018 sublimarit
158 973 245 1025 sedern,
276 973 300 1015 in
318 987 360 1029 qua
378 973 442 1015 etiam
459 974 581 1028 quiescere,
611 980 632 1015 ct
647 982 782 1029 praesentem
799 974 865 1017 vitam
881 974 944 1027 finirc

23 1058 122 1114 dignatus
139 1061 178 1097 est.
206 1053 254 1110 lpse
269 1053 379 1098 decoravit
393 1055 474 1107 sedem,
488 1054 510 1095 in
527 1066 568 1110 qua
588 1055 738 1110 evangelistam
755 1056 882 1114 discipulum
899 1059 943 1099 mi-

22 1140 58 1182 sit.
84 1139 132 1195 lpse
148 1135 241 1179 firmarit
256 1136 337 1189 sedem,
354 1135 377 1177 in
395 1150 438 1192 qua
454 1143 536 1194 septem
550 1136 621 1190 anuis,
637 1137 735 1193 quamvis
749 1137 889 1194 discessurus,
906 1154 943 1183 se·

23 1224 61 1266 dit.
93 1221 168 1275 Quum
187 1231 238 1274 ergo
253 1219 320 1261 naiaco
335 1224 399 1274 atque
415 1233 462 1262 una
482 1219 514 1270 sit,
527 1218 601 1272 sedes,
628 1218 665 1260 cui
684 1231 711 1261 en
730 1222 856 1264 auctoritate
870 1222 942 1264 divina

22 1311 71 1349 uec
87 1317 145 1346 nunc
161 1299 262 1356 epiceopi
275 1300 411 1355 praesident,
436 1300 540 1358 quidquid
557 1313 597 1356 ego
614 1300 641 1342 de
658 1297 720 1342 uobis
737 1299 787 1343 boni
804 1301 879 1354 audio,
899 1302 942 1343 hcc

20 1385 75 1426 anthi
89 1384 178 1438 imputo.
208 1382 232 1423 Si
246 1382 298 1437 quid
315 1381 343 1422 de
361 1394 398 1423 me
412 1380 463 1422 boni
482 1381 579 1433 creditis,
606 1380 648 1422 hoc
666 1382 748 1424 vestris
764 1383 851 1425 meritis
868 1383 942 1438 impu-

20 1469 84 1511 tate.“
103 1472 143 1508 cet.
175 1461 224 1506 alio
237 1462 285 1504 loco
299 1461 327 1504 ad
343 1462 437 1505 eundern
452 1462 568 1520 Eulogium
584 1463 669 1521 scripsit
689 1462 733 1521 (lib.
750 1464 786 1508 VI.
804 1465 865 1522 epist.
881 1465 940 1522 tio.>:

20 1561 177 1578 -—·-—·

86 1637 118 1679 „ut
135 1630 158 1667 de
175 1628 252 1667 ecclesia
268 1627 317 1667 beati
334 1630 385 1667 Petri
402 1631 527 1679 apostolorum
545 1629 633 1678 principis
650 1630 722 1667 nullum
739 1630 816 1668 ulterius
833 1632 940 1680 scrupulum

85 1703 183 1740 dubictatis
195 1702 286 1748 habeatis5
311 1702 343 1737 scd
361 1701 380 1736 in
394 1713 436 1738 vera
453 1701 490 1737 fide
503 1690 639 1748 persistitefet
652 1702 706 1739 vitam
720 1706 798 1738 vestram
810 1703 830 1738 in
844 1709 895 1750 petra
908 1716 940 1741 cc-

85 1775 161 1818 clesiae,
185 1773 222 1808 hoe
234 1778 261 1808 est
273 1773 292 1807 in
305 1770 420 1807 confcssione
437 1771 484 1806 beati
499 1770 548 1807 Petri
562 1771 686 1818 apostolorum
698 1772 787 1819 principis
801 1774 890 1810 solidate:
916 1786 940 1810 nc

84 1853 112 1883 tot
124 1850 194 1883 uestrae
207 1843 298 1892 lacrymae
311 1849 396 1891 tantaque
413 1843 462 1880 hona
479 1854 534 1892 opera
547 1848 634 1891 percant,
660 1844 675 1880 si
692 1856 701 1879 a
718 1842 755 1879 fide
768 1856 810 1882 rora
823 1844 941 1880 inveniantur

83 1916 159 1953 alicna.“

36 1987 70 2036 Η)
86 1988 119 2032 „Si
133 1998 167 2034 qua
181 1983 234 2032 culpa
247 1984 266 2020 in
280 1984 369 2034 episcopis
381 1984 479 2031 inuenitur,
492 1984 605 2031 nescioquis
619 1982 657 2020 sodi
666 1984 775 2032 apostolicae
786 1984 882 2031 episcopus
895 1983 939 2019 sub-

84 2055 143 2102 jectus
156 2066 194 2090 non
207 2054 235 2090 sit.
262 2055 324 2101 Quum
341 2067 385 2093 vero
398 2055 452 2103 culpa
464 2067 502 2091 non
516 2053 580 2101 exigit,
602 2066 665 2091 omncs
683 2055 783 2091 seeundum
799 2054 889 2090 rationem
902 2054 939 2090 hu-

84 2124 167 2161 militatis
179 2124 263 2172 aequales
275 2128 335 2161 sunt.¹‘
359 2127 402 2164 Lib.
415 2127 449 2163 IX.
463 2127 515 2175 epist.
529 2127 560 2178 59.

32 2199 64 2246 12)
81 2197 142 2245 Hujus
151 2208 214 2233 causae
226 2195 315 2233 rationem
331 2197 400 2235 liabens
414 2197 513 2245 Gregorius
526 2197 635 2242 illarinianc,
648 2197 734 2246 episcopo
747 2197 851 2241 Ravennae,
864 2195 937 2243 scripsit

82 2271 115 2306 lib.
127 2270 158 2306 Vl.
172 2268 225 2316 epist.
238 2268 277 2305 ola:
293 2267 399 2314 „Numquid
412 2281 450 2304 non
463 2269 502 2318 ipse
513 2270 572 2315 nosti,
586 2270 628 2317 quia
641 2281 703 2313 carisa,
720 2278 767 2314 quae
778 2279 788 2302 a
800 2267 870 2303 Ioanne
882 2268 939 2304 Pros-

82 2342 146 2388 bytero
166 2344 230 2375 contra
245 2341 334 2376 loannem
350 2338 573 2386 Constantinopolitanum
586 2339 661 2376 fratrem
678 2343 696 2374 et
713 2337 840 2386 coepiscopum
854 2344 937 2375 nostrum

84 2419 122 2448 orta
136 2417 168 2455 cst,
181 2411 283 2447 secundum
296 2422 374 2448 canones
386 2409 409 2446 ad
421 2409 483 2446 sedem
495 2407 612 2457 apostolicam
626 2410 709 2456 recurrit,
722 2417 740 2447 et
752 2416 813 2447 nostra
822 2416 849 2447 est
862 2415 938 2445 senten·
977 2406 978 2409 ’

85 2483 109 2517 tia
123 2482 223 2521 [latinitat‘
237 2502 261 2511 —
286 2485 315 2520 Ex
329 2484 380 2532 epist.
394 2482 423 2520 66.
441 2482 472 2519 lib.
486 2483 516 2520 Vl,
531 2488 616 2532 apparet,
640 2483 728 2519 Romanis
745 2481 863 2531 pontificibus
880 2477 937 2513 libros

89 2551 154 2595 aliquos
168 2554 279 2601 prohibendi
292 2562 400 2604 potestatem
413 2562 431 2592 et
444 2555 594 2593 consuetudinem
603 2553 663 2599 luisse,
676 2554 704 2590 cui
718 2565 782 2601 parcre
790 2549 873 2587 obstricti
886 2554 937 2584 erant

90 2619 142 2654 ellam
155 2624 252 2664 orientalis
265 2629 353 2666 ecclcsiae
367 2627 436 2665 alumni
452 2626 655 2676 Constantinopolitano
672 2622 785 2671 patriarchae
797 2620 878 2667 alioquin
892 2620 937 2657 sult-

87 2688 138 2738 jetti.
