1999 2998
425 106 552 173 ...J-⁵-

30 209 122 280 spatium
137 226 199 269 tantis
212 227 233 269 in
250 226 376 270 catholicam
392 226 511 281 ecelesiam,
528 226 565 284 illo
580 232 678 283 tempore
694 221 769 266 multis
787 221 887 278 procellis
904 222 951 277 agi-

30 313 102 362 tatam,
117 307 317 351 meritisexcelluit
333 307 365 365 ³),
387 315 411 351 ut
425 308 499 362 Magni
515 321 632 362 cognomen
649 309 667 347 ei
686 295 828 371 tribueretur·
861 304 951 360 Lango-

30 386 113 441 bardos,
128 388 161 431 vel
177 388 266 431 stolidae
278 390 414 430 idololatriae
427 394 551 439 sectatores,
568 388 608 438 vel,
623 386 712 429 authari
725 401 801 429 eorum
815 400 868 442 rege
883 399 950 442 prae-

29 474 100 521 eunte,
117 466 216 511 Arianam
233 468 331 510 haeresin
346 465 478 523 profitentes,
495 458 522 507 ad
536 465 602 507 fidem
619 466 744 509 catholicam
759 468 870 523 perduxit;
889 466 950 510 Visi-
985 477 988 487 ²

28 551 103 605 gothos
118 552 182 605 item,
205 548 242 603 qui
258 532 287 589 in
296 547 401 603 Hispania
418 554 440 589 et
460 547 531 589 Gallia
550 545 684 599 Narbonensi
703 546 805 591 Ariansm
827 548 948 589 doctrinam

27 631 179 687 sequebantur,
195 628 328 670 orthodoxae
344 627 447 670 eeclesiae
463 628 595 683 conciliavit5
608 622 698 681 'anglos
715 629 741 668 ad
756 643 816 670 saera
832 626 949 670 christiana

27 710 132 754 convertit
151 716 172 750 et
191 711 222 751 rei
238 709 379 763 christianae,
403 711 490 752 condito
510 709 568 766 apud
590 722 627 750 eos
644 707 792 750 cantuariensi
814 710 948 766 episcopatu,

27 789 113 833 firmum
127 787 292 829 fundamentum
307 790 437 845 substruxit3
462 792 585 832 Donatistas
602 793 624 831 in
643 787 715 832 Africa
728 803 763 831 res
778 804 842 832 nevas
856 789 947 832 molien-

28 865 542 929 ιεεῑοοὸποιιὴς11111οὸ111εἰνοΤιιεωὶςιῑειηοε,
559 872 596 927 qui
614 885 657 913 non
675 871 704 913 ita
720 871 811 927 pridem,
826 870 948 913 Themistio

29 945 183 956 ——u--n—

52 980 72 1027 ὅ)
87 971 305 1026 Ι(11111111’111111111111111111
322 970 400 1019 munere
414 982 501 1031 pastorali
514 982 613 1031 Gregorius
627 980 699 1019 functus
712 983 748 1029 sit,
772 984 812 1032 ipse
829 982 910 1019 declarat
924 981 951 1024 in
993 988 995 992 ⁴

91 1048 141 1084 bom.
153 1049 185 1084 Xl.
198 1047 219 1097 ᾗ
227 1050 244 1086 6.
260 1050 279 1087 in
292 1052 361 1089 Ezeeb.
375 1052 445 1099 lib.'l.‚
467 1053 500 1090 ubi
518 1055 577 1090 otium
590 1055 637 1093 vitae
650 1055 761 1091 monasticae
780 1066 821 1091 enm
839 1051 948 1100 urgentibus

90 1110 110 1155 so
124 1120 316 1167 circumstrepentibus
330 1123 395 1159 elliciis
409 1129 427 1159 et
441 1125 519 1171 negotiis
531 1125 596 1170 variis,
618 1137 664 1172 qnae
680 1126 762 1161 muneris
778 1122 888 1172 episcopalis
901 1121 948 1156 rufio

90 1189 181 1237 postulat,
207 1199 309 1239 rornparal,
336 1200 354 1230 et
370 1194 425 1229 simul
440 1194 539 1236 modestiae
556 1208 598 1231 suae
618 1196 710 1243 egregium
724 1196 857 1232 documentum
867 1187 949 1241 praebet·

90 1262 127 1306 „Et
140 1261 213 1308 quidem
228 1262 246 1296 in
261 1264 374 1316 monasterie
386 1264 475 1311 positus,“
492 1265 558 1313 inquit,
572 1266 665 1311 „valebam
679 1272 698 1301 et
710 1267 732 1302 ab
746 1266 810 1302 otiosis
822 1264 903 1312 linguam
917 1273 949 1298 re-

88 1331 192 1383 stringere,
210 1337 228 1365 et
246 1331 265 1366 in
282 1333 387 1370 intentione
403 1336 491 1371 erationis
504 1348 552 1384 pene
565 1337 652 1377 continue
667 1343 746 1372 mentem
764 1344 833 1373 tenere.
857 1332 948 1385 11111011-

91 1412 152 1450 quem
166 1396 233 1436 cesalis
245 1397 354 1458 bernerum
367 1402 464 1441 sarcinae
475 1403 585 1456 postorali
593 1405 698 1457 supposui,
713 1408 801 1454 colligere
812 1418 832 1442 se
844 1404 867 1442 ad
877 1407 947 1439 semet-

90 1470 149 1517 ipsum
162 1471 233 1505 assidue
245 1484 282 1508 non
297 1464 357 1521 polest
370 1475 447 1521 animus,
461 1476 502 1523 quin
515 1477 538 1513 ad
551 1477 608 1512 multa
622 1479 705 1526 partitur.
731 1479 792 1526 Cogor
801 1485 880 1522 „amque
890 1471 947 1508 m⁰d⁰

90 1540 220 1584 ecclesiarum
242 1543 296 1580 modo
313 1545 466 1582 monasteriorum
486 1559 548 1583 causas
566 1548 667 1595 discutere3
686 1542 747 1596 vsaepe
768 1546 884 1595 singulorum
902 1542 948 1579 vitas

89 1617 175 1658 actusque
186 1623 268 1659 pensare.
293 1615 453 1664 Medosquaedam
467 1618 534 1654 civium
551 1619 623 1666 negotia
636 1618 737 1665 sustinere,
754 1618 810 1655 modo
822 1617 845 1654 de
857 1613 948 1653 irruenti-

89 1681 123 1715 bus
139 1681 257 1719 barbarornm
273 1685 338 1732 gladiis
355 1699 439 1735 gernere,
465 1694 484 1725 et
502 1690 599 1726 commisso
616 1691 666 1738 gregi
680 1691 788 1727 insidiantes
804 1689 858 1735 lupos
874 1685 945 1720 timere·

88 1750 145 1785 Modo
159 1763 220 1786 rerum
236 1766 297 1790 curam
309 1769 388 1801 sumere,
400 1770 424 1793 ne
438 1758 498 1795 desint
510 1760 589 1795 subsidia
603 1761 629 1795 eis
642 1761 692 1808 ipsis,
705 1761 771 1806 quibus
786 1756 894 1804 disciplinae
913 1764 945 1788 re·

31 1864 32 1868 η
88 1819 128 1864 gula
140 1824 221 1868 tenetur3
234 1823 288 1859 modo
300 1830 382 1871 raptores
396 1817 483 1873 quosdam
495 1829 628 1877 aequanimiter
637 1830 713 1877 perpeti,
725 1829 781 1865 modo
796 1828 822 1863 eis
834 1826 868 1879 snb
881 1823 943 1861 studio

76 1894 170 1924 ‘sn-eatae
184 1892 261 1927 caritatis
274 1894 353 1932 obviare.
379 1897 442 1942 Quum
455 1897 516 1944 itaque
529 1899 551 1934 ad
563 1904 590 1934 tet
603 1907 621 1934 et
638 1906 687 1935 tanta
706 1899 801 1947 rogitanda
814 1898 869 1934 saissa
881 1908 902 1931 ae
915 1893 945 1929 di-

90 1958 156 1995 laniata
170 1974 220 1997 mens
234 1963 316 2011 ducitur,
336 1966 408 2013 quando
420 1965 443 2001 ad
456 1954 572 2016 semetipsam
583 1970 656 2016 redeat,
678 1976 699 2006 ut
711 1976 768 2006 totam
784 1969 836 2006 sein
850 1964 945 2016 praediea-

90 2030 140 2065 tione
153 2032 237 2080 colligat,
254 2041 272 2070 et
286 2049 296 2071 a
310 2036 415 2085 proferendi
427 2025 478 2075 serbi
491 2039 594 2076 ministerio
607 2053 644 2076 non
658 2041 745 2078 recedat?
776 2040 825 2089 Quia
837 2043 897 2075 autem
910 2047 945 2070 ne·

88 2100 171 2135 cessitate
185 2103 220 2139 leci
234 2118 287 2152 saepe
300 2108 344 2145 viris
357 2108 481 2145 saecularibus
493 2109 573 2157 jungor,
594 2124 726 2159 nonnunquam
741 2112 787 2148 rnibi
800 2112 873 2158 linguae
886 2106 943 2142 disei-

87 2167 156 2214 plinam
168 2170 237 2206 relaxo.
263 2176 310 2211 Nam
328 2177 343 2211 si
360 2178 379 2212 in
392 2178 464 2211 assiduo
478 2191 566 2215 censurae
578 2182 704 2229 meaerrigore
716 2195 746 2217 me
758 2188 825 2227 teneo,
849 2179 886 2228 sei⁰
899 2175 941 2222 (11111

88 2239 111 2273 ub
125 2239 255 2278 infirmioribus
269 2242 337 2293 snga'or,
357 2257 425 2292 eosque
442 2246 465 2282 ad
479 2247 515 2285 boo
531 2251 580 2297 quod
593 2257 668 2299 appeto,
689 2263 788 2300 numquam
802 2232 866 2289 trabe.>
886 2246 940 2283 Unde

86 2310 112 2355 fir,
125 2317 144 2347 ut
157 2325 220 2349 eurum
234 2327 286 2362 saepe
299 2322 317 2352 et
328 2316 387 2352 otiosa
400 2316 490 2365 patienter
501 2321 579 2357 audiam.
599 2322 641 2359 'Sed
654 2323 697 2371 quia
712 2323 752 2372 ipse
769 2333 841 2372 qnoque
854 2318 939 2355 issfisfflfl'

87 2393 133 2424 sum,
145 2381 165 2417 in
178 2383 241 2420 otiosis
253 2387 368 2424 sermonibus
381 2388 475 2436 paulisper
487 2396 560 2438 tractus,
573 2393 653 2432 libenter
665 2395 702 2443 jam
714 2408 734 2431 ea
747 2395 797 2443 loqni
806 2392 878 2439 incipio,
892 2401 940 2437 quae

86 2450 257 2499 audireeoeperam
271 2455 348 2501 invitns;
374 2462 392 2492 et
405 2459 437 2494 ubi
450 2461 623 2511 taedebateadere,
641 2466 763 2514 libetjaeere.
788 2463 834 2509 Quis
847 2472 890 2508 82'80
905 2471 940 2508 ⁰8⁰

88 2522 116 2558 vel
130 2521 187 2569 qualis
199 2523 302 2570 speculatur
316 2538 362 2570 sum,
375 2526 406 2573 qui
420 2539 457 2564 non
470 2530 490 2565 in
503 2541 567 2571 monte
579 2536 640 2583 operis
652 2543 686 2580 sto,
699 2535 729 2571 sed
742 2534 801 2570 adhue
813 2533 833 2568 in
846 2531 896 2569 valle
909 2531 941 2567 in-

87 2592 177 2629 firmitatis
190 2592 254 2640 jaeeo‘?
272 2595 338 2632 Potens
350 2608 392 2633 vero
406 2601 433 2632 est
446 2597 522 2639 hnmani
539 2607 611 2651 generis
625 2606 699 2642 Creator
712 2609 730 2639 et
741 2604 851 2649 Redemtor,
864 2603 940 2650 indigno

85 2663 131 2699 milri
145 2670 163 2699 et
174 2664 221 2699 vitae
234 2664 358 2711 altitudinem,
383 2672 401 2703 et
414 2667 488 2716 linguae
501 2674 597 2710 efficaciam
611 2676 692 2720 donare,
710 2686 750 2726 pro
763 2673 824 2724 cujtts
835 2685 906 2712 antot'e
919 2671 940 2710 in

85 2731 129 2780 ejus
142 2731 220 2783 eloquin
232 2746 268 2771 nee
281 2734 334 2774 milti
343 2740 424 2788 puroet*
450 2741 505 2777 Conl.
521 2743 552 2780 lib.
566 2745 599 2780 lX.
619 2746 671 2793 epist.
688 2758 728 2786 121.
