1999 2998
440 77 567 138 *pe*

40 194 148 251 Cognovit
163 201 203 237 etc.
232 194 275 235 Per
297 191 373 233 bovem
389 189 471 240 scilicet
488 189 628 240 lsra'e'litioum
643 189 747 248 populum
766 191 817 248 jugo
836 193 889 249 legis
907 176 961 240 edo'

40 277 119 321 mitum
132 278 225 331 signans3
241 284 281 327 per
295 270 379 313 asinum
395 284 454 324 vero,
470 271 582 315 Gentilem
598 271 702 330 populum
716 272 824 328 indicans,
843 274 961 332 voluptati-

40 358 82 402 bus
97 356 202 408 deditum,
226 359 248 396 et
262 352 348 409 gravius
366 353 476 399 brutuma
492 350 523 412 15)

468 477 486 535 a·
503 479 525 523 2·

99 552 215 601 Moralium
231 553 300 599 libros
319 557 342 600 in
359 537 461 601 editione
474 556 665 600 Benedictinorum
689 556 800 614 excipiunt
817 557 960 601 homiliarum

39 642 63 686 in
75 638 216 683 Ezechielem
229 638 369 696 proplietam
383 639 436 683 tiara·
451 639 511 691 dito,
531 637 569 694 qui
585 636 683 680 homilias
697 621 779 692 xxii,
798 653 853 697 quae
868 639 919 683 inde
932 639 960 682 ab

39 734 94 765 anno
113 722 165 775 592.
181 719 271 763 habitae
287 727 347 774 sunt,
370 720 486 764 continent.
519 719 638 775 Gregorius
657 720 679 762 in
695 720 729 762 his
745 719 806 763 libris
821 721 959 764 Ezechielem

37 815 99 845 more
112 815 159 855 suo,
175 801 189 843 i.
206 814 226 843 e.
243 802 357 859 allegorice
373 803 539 859 interpretatur,
560 807 582 844 et
597 801 638 843 hac
656 801 834 858 interpretatione
849 803 916 848 utitur
933 802 960 845 arl

38 882 121 928 animos
135 883 259 927 auditorum
277 891 299 928 et
313 884 420 929 lectorum
434 883 469 929 vel
483 881 631 926 informandos
648 883 683 927 vel
697 881 843 939 'corrigendos

470 1003 487 1064 l·
502 1011 524 1052 a

100 1084 183 1128 Eadem
199 1085 301 1141 ratione7'
320 1087 358 1129 sed
376 1087 460 1131 diverso
475 1081 573 1142 tempore
591 1085 673 1127 calamo
690 1092 793 1142 exceptae
809 1091 847 1128 aut
861 1096 960 1142 pronun-

40 1167 106 1212 tiatae
121 1174 170 1210 sunt
185 1167 291 1211 homiliae
305 1168 348 1210 XL
362 1169 384 1210 ia
400 1168 538 1227 Evangelia,
556 1181 612 1224 quae
629 1166 695 1209 libros
710 1168 763 1210 ‹lnos
779 1167 873 1223 explent.
896 1166 959 1210 Non-

39 1248 114 1299 nullae
128 1262 156 1290 ex
166 1248 200 1291 his
213 1248 307 1291 homiliis
320 1249 419 1291 homilias
432 1249 454 1292 in
470 1250 607 1292 Ezechielem
623 1256 693 1292 aetate
711 1248 846 1291 antecedunt.

97 1327 201 1371 Homiliis
214 1329 256 1371 XL
272 1330 295 1370 in
309 1329 427 1384 Evangelia
444 1331 543 1384 adjuncta
561 1336 593 1372 est
609 1331 637 1372 de
654 1331 791 1373 mortalitate
807 1327 958 1371 oratiuncula.

37 1407 119 1452 Habita
135 1414 167 1451 est
181 1422 237 1451 anno
254 1411 307 1463 590.
325 1409 353 1450 ad
368 1409 489 1462 Romanos,
506 1410 602 1452 animum
619 1410 662 1465 jam
680 1410 848 1467 despondentes,
870 1409 958 1464 erigen-

38 1489 84 1544 dos,
99 1496 198 1547 tempore
215 1490 287 1546 pestis,
305 1503 346 1545 qua
362 1490 444 1546 primus
459 1492 555 1534 omnium
569 1491 668 1547 Pelagius
684 1489 892 1550 pontifexlmortuus
906 1495 957 1531 erat.

473 1609 490 1669 l·
507 1618 528 1660 a·

101 1692 177 1735 Paullo
194 1697 322 1749 postquam
337 1690 457 1746 Gregorius
475 1693 522 1750 ipse
537 1694 564 1735 ad
581 1693 705 1753 [lignitatem
720 1691 863 1750 pontificalem
880 1704 956 1733 ascen-

35 1773 100 1816 disset
113 1772 161 1829 (lib.
171 1772 197 1818 V.
212 1768 338 1829 epist-49),
360 1771 485 1828 conscripsit
505 1775 612 1831 regulum
625 1776 780 1830 pastoralem,
804 1772 872 1815 bariae
889 1770 957 1825 frugis

35 1853 126 1906 librum,
142 1854 202 1910 cujus
216 1853 349 1896 mentionem
364 1853 407 1909 jam
424 1851 521 1895 fecimus.
552 1852 686 1909 Anastasius,
709 1856 821 1911 episeopus
838 1852 956 1896 Antioche-

35 1947 88 1987 nus,
110 1947 159 1975 eam
173 1934 258 1990 vivente
274 1931 381 1987 Gregorio
398 1933 422 1974 in
438 1932 534 1988 linguam
549 1934 656 1978 Graecam
673 1937 744 1980 vertit.
777 1931 906 1976 Conferatur
920 1933 957 1975 tib.

34 2014 82 2060 XII.
100 2014 162 2071 epist.
181 2014 217 2056 24.
252 2012 314 2057 Haeo
332 2013 505 2072 teraiopqnoud
522 2016 597 2070 sciam,
622 2021 715 2059 aetatem
730 2021 824 2058 nostram
841 2028 884 2057 nou
900 2014 955 2058 tulit.

94 2215 249 2274 Dtatogoram
268 2215 322 2259 titi-t
339 2214 382 2259 IV.
401 2215 474 2273 scripti
494 2232 550 2260 anno
567 2211 629 2272 5955
658 2224 680 2260 et
700 2231 712 2260 a
731 2216 834 2260 Zocliaria
854 2215 954 2273 pontifice

34 2299 132 2341 Romano
147 2298 234 2339 Graece
251 2297 321 2348 uersi,
340 2297 368 2338 de
385 2298 433 2338 viia
452 2303 473 2339 at
489 2299 607 2340 miraculis
621 2299 720 2340 Patrum
737 2298 869 2340 Italicorum
887 2304 908 2339 ei
925 2299 954 2340 (le

38 2381 160 2422 uaimoram
179 2378 350 2420 irremortalitate
368 2384 441 2431 agunt.
476 2377 501 2419 ln
521 2375 576 2418 libro
593 2384 668 2433 quarto
686 2378 784 2433 Gregorii
808 2379 903 2421 doctrina
926 2379 953 2418 <le

34 2461 182 2514 purgatorio,
201 2474 245 2517 quo
262 2461 326 2502 leves
339 2459 422 2514 calpae
437 2458 559 2514 deleantur,
581 2458 699 2502 accuratius
716 2459 836 2516 exponitur.
868 2458 953 2499 Zacha-

38 2537 189 2554 ...Q-„-
445 2558 447 2561 .

53 2569 86 2617 15)
102 2571 124 2606 In
136 2574 209 2618 epistola
222 2577 244 2613 ml
257 2576 365 2615 Leandrum
384 2575 436 2624 operi
450 2573 528 2623 praelixa
542 2574 643 2622 Gregorius
656 2585 694 2621 cup.
708 2584 725 2608 2.
742 2573 788 2608 haee
806 2571 865 2608 alleri:
889 2570 965 2617 ‚,Op1n.,

102 2639 139 2676 1¹⁰⁰
151 2653 184 2687 POr
195 2647 266 2692 triginta
278 2655 297 2684 ot
310 2648 391 2696 quinque
404 2643 510 2684 calamina
527 2653 633 2692 extensum,
658 2644 678 2680 in
695 2654 727 2680 sex
744 2638 846 2679 ecdiciam
865 2642 952 2692 explerit‘

101 2704 215 2749 Velamina
227 2722 268 2751 sunt
279 2717 329 2763 libri,
350 2715 428 2755 cortices
441 2717 536 2755 sectiones.
