1999 2998
428 54 555 117 At...

30 174 66 219 vel
82 186 181 232 peccare,
197 173 232 218 vel
248 172 360 214 morinen
377 174 455 222 posset.
490 167 534 211 Ubi
551 168 616 224 igitur
634 175 682 225 post
700 169 844 213 redemtionis
863 178 956 230 tempus,

32 257 103 301 earnis
119 261 187 299 morte
204 249 341 309 interposita,
366 247 430 292 electi
447 257 580 304 transeunts
597 251 649 304 illuc
671 250 747 306 procul
767 249 835 292 dubio
855 260 956 307 parentes

34 340 104 397 primi,
120 337 137 378 s'i
149 336 171 376 in
187 330 319 373 conditionis
333 338 458 394 suaestatu
476 333 625 390 perstitissent,
643 332 709 374 etiam
726 332 772 373 sine
790 338 861 384 morte
876 346 957 388 corpo-

33 433 81 462 rum
94 413 183 459 transire
200 412 342 469 potuissent.“
372 412 429 458 Mor.
443 414 480 459 lv.
499 416 535 459 m.
550 416 601 469 „Sic
615 415 696 472 primus
713 412 778 455 homo
793 413 893 457 conditus
906 410 956 465 fuit,

33 505 56 541 ut
75 509 114 554 per
137 500 240 538 aumenta
264 500 388 551 temporum
411 496 471 539 tendi
492 505 566 553 ,posset
591 497 637 551 ejus
656 496 705 540 uita.
718 494 884 546 tantummodo,
913 501 956 536 nen

32 579 109 624 evolvi.
138 577 183 621 Sed
201 577 252 633 quia
272 573 351 634 sponte
368 577 396 619 ed
415 577 499 634 culpam
516 577 607 630 decidit,
633 591 677 640 quo
692 577 761 632 attigit
777 576 880 628 vetitum,
894 574 957 630 'per-

33 661 82 706 tulit
94 647 225 710 decursum,
251 672 316 715 quem
339 672 396 700 nune
414 658 480 700 homo
496 659 616 715 praesentis
634 658 690 702 vitae
707 657 815 699 desiderio
835 669 957 714 oppressus,
991 689 993 692 .

33 742 178 786 indesinenter
195 745 218 782 et
233 740 313 783 tolerat
329 746 351 783 et
365 741 445 795 optat.“
477 740 514 794 tx.
530 743 567 785 50.
588 741 663 797 „Dum
678 736 776 797 infantia·
786 738 814 781 ad
833 738 957 803 pueritiam,

32 822 125 882 pueritia
141 821 169 864 ad
186 821 367 883 adolescentiam,
390 820 535 883 adolescentia
548 823 576 865 ad
592 823 738 878 juventutem,
761 820 862 877 juventus
876 819 904 861 ad
920 832 958 860 se·

32 910 155 963 nectutem,
174 909 276 945 senectus
291 901 367 957 transit
382 902 409 952 ad
427 883 532 959 mortem3
559 905 582 945 in
602 910 665 945 cursu
689 902 746 946 ritae
764 902 884 957 praesentis
907 900 958 957 ipsis

33 986 76 1030 suis
92 979 213 1041 augmentis
227 982 255 1023 ad
269 982 398 1038 detrimenta
413 983 543 1040 impellitur:
560 992 582 1029 et
596 986 646 1027 inde
661 996 747 1040 semper
764 981 845 1033 delicit,
861 981 920 1022 uude
934 993 958 1022 se

35 1064 139 1125 prolicere
154 1065 177 1107 in
193 1063 287 1121 spatium
304 1064 360 1107 vitae
377 1066 453 1110 credit.
485 1066 564 1109 Fixum
579 1067 659 1109 etenim
672 1070 750 1108 statum
765 1060 801 1105 hic
814 1060 898 1104 habere
913 1073 956 1102 non

35 1161 155 1206 possumus,
171 1145 211 1188 ubi
224 1145 334 1210 transituri
350 1148 457 1191 venimus:
476 1155 541 1205 atque
558 1147 599 1189 huc
613 1148 683 1203 ipsum
698 1152 795 1189 nostrum
803 1144 883 1196 rivere,
900 1155 957 1198 quo-

36 1229 90 1272 tidie
108 1243 122 1271 a
140 1227 183 1271 vite
203 1226 295 1268 transire
315 1235 354 1284 est.
390 1230 462 1289 Quem
485 1212 590 1272 videlieet
608 1229 696 1285 lapsum
709 1230 800 1286 primus
816 1226 882 1268 bomo
903 1228 957 1266 unte

36 1310 127 1366 cupiam
145 1307 234 1351 babere
253 1323 297 1351 non
315 1304 407 1366 potuit}
435 1313 489 1369 quia
505 1317 622 1369 tempora,
645 1324 671 1353 eo
689 1315 775 1361 stante,
803 1307 957 1350 transibunt.“

34 1389 71 1432 xi.
83 1388 120 1431 68.
141 1388 332 1447 „Primushomo
350 1390 496 1443 ita-conditus
511 1390 565 1445 fuit,
583 1399 613 1445 ut,
631 1397 732 1433 manente
748 1390 796 1443 illo,
817 1388 957 1431 decederent

34 1454 138 1528 tempora,
159 1484 187 1513 ne
204 1484 254 1512 cum
272 1469 408 1527 temporibus
419 1472 465 1527 ipse
481 1472 594 1532 transiret,
619 1472 694 1515 Stabat
709 1474 767 1514 enim
787 1471 903 1518 momentis
916 1469 958 1511 de-

36 1551 181 1594 currentibus:
195 1552 246 1607 quia
262 1565 399 1607 nequaquam
417 1553 444 1593 ad
461 1554 517 1596 ritae
531 1555 648 1610 terminum
665 1567 704 1610 per
720 1554 804 1609 dierum
823 1554 958 1606 incrementa

36 1632 145 1675 tendebat.
176 1630 252 1674 Stabat
267 1637 326 1673 tento
344 1631 464 1685 robustius,
484 1642 564 1690 quanto
581 1648 667 1690 semper
682 1635 743 1676 stanti
761 1615 840 1676 arctius
854 1632 957 1673 inhaere-

35 1713 78 1756 bat.
112 1710 141 1754 At
155 1711 192 1753 ubi
209 1712 298 1755 vetitum
316 1714 412 1766 contigit,
429 1728 481 1756 mox
496 1715 577 1757 offenso
591 1723 687 1758 creatore
698 1715 773 1770 'coepit
789 1714 824 1756 ire
836 1727 887 1756 cum
901 1719 958 1757 tem-

31 1808 97 1852 pore.
131 1792 199 1835 Statu
213 1792 316 1835 videlicet
326 1794 596 1857 immortalitatisssumisso,
611 1809 684 1838 cursus
698 1809 748 1837 eum
763 1794 901 1837 mortalitatis
917 1794 959 1835 ab·

35 1875 123 1920 sorbuit.
154 1875 183 1917 Et
199 1875 253 1916 dum
275 1874 388 1930 juventute
408 1875 436 1916 ad
457 1878 552 1944 senium,
584 1878 644 1920 seuio
665 1877 787 1921 traheretur
808 1877 836 1918 ad
858 1881 958 1927 mortem,

36 1956 167 2001 transeundo
184 1956 269 2010 didicit,
286 1957 363 2026 stando
377 1957 430 2011 quid
446 1955 504 2016 fecii
506 1961 519 1984 “
550 1958 620 2002 XXV
636 1959 657 2000 4
687 1955 750 2000 conf
767 1957 879 1999 SPaterii
897 1956 958 1998 libl.

35 2051 102 2095 super
112 2037 193 2079 Genes
188 2051 250 2092 ..cap
260 2049 296 2091 27.
314 2060 342 2067 -
359 2035 442 2089 „Adam
461 2022 652 2093 inimortalitutem
669 2038 759 2080 ιιιιίιίιιι
790 2037 846 2097 Mor
857 2037 958 2080 XXXlll

36 2122 72 2180 45
89 2118 205 2173 „lllmtcm
222 2130 366 2183 nequaquam
380 2117 510 2160 incurreret
514 2118 617 2178 (homo)
639 2120 656 2161 si
675 2118 749 2162 divinis
764 2119 886 2175 praeceptis
860 2118 958 2162 t-obe

36 2186 96 2245 diens
110 2214 228 2257 numquam
246 2206 352 2255 peccaret
354 2200 368 2223 “
397 2184 529 2256 Explau5t
521 2179 633 2244 tiPsalmi
653 2198 732 2257 poenit
749 2199 766 2258 A.
782 2214 816 2255 17.

99 2282 160 2325 Huec
185 2297 235 2323 cum
259 2281 373 2336 Augustini
397 2281 494 2323 doctrina
520 2284 618 2338 apprime
645 2283 785 2323 consentiunt
795 2280 959 2336 Augustinus

39 2364 93 2419 enim
108 2362 254 2418 distinguebat
268 2363 325 2403 inter
342 2356 527 2422 immortalitatem
541 2363 659 2414 minorem,
681 2376 722 2418 qua
738 2331 803 2404 horno
820 2370 898 2420 potest
915 2377 959 2404 non

42 2425 108 2497 mori,
143 2451 164 2486 et
192 2443 379 2511 immortalitatem
396 2442 520 2514 majorem,
555 2459 596 2500 qua
622 2444 688 2486 bomo
714 2459 757 2487 uon
786 2450 863 2502 potest
892 2442 958 2492 niori,

43 2523 102 2577 eique
127 2527 149 2567 in
176 2534 234 2569 statu
264 2507 376 2596 primitivo
406 2510 469 2584 illam
493 2525 607 2568 tribuebat
651 2525 713 2566 Hanc
738 2533 811 2568 autern
838 2524 961 2564 secundum

41 2602 179 2675 Augustinnm
195 2615 349 2652 consecuturus
366 2578 454 2664 fuisset,
479 2607 495 2649 si
519 2608 540 2649 in
560 2614 616 2649 statu
637 2588 786 2667 innocentiae
794 2613 958 2659 perseverasset

40 2683 127 2749 Condl
129 2699 166 2733 oca
184 2701 196 2727 a
211 2702 249 2756 mer
261 2692 283 2731 in
300 2689 366 2732 libro:
395 2675 496 2745 Pragmat
488 2689 555 2732 tiselre
575 2687 714 2742 Darstellung
733 2686 770 2728 des
785 2684 958 2742 Augustinismns
