1999 2998
482 51 514 92 5a

39 166 89 223 qnia
104 181 153 210 esse
168 170 214 211 Deo
232 165 305 208 similis
323 177 364 204 uon
388 176 428 218 per
447 165 563 220 justitium,
584 165 621 207 sed
642 176 682 221 per
699 166 818 221 potentiam
834 170 963 226 concupivit.

39 249 82 291 Sed
99 249 165 291 homo
179 259 216 302 per
228 246 321 301 gratiam
332 244 443 298 liberatus
462 247 500 303 qui
516 246 563 289 Det
576 245 743 305 similitudinem
757 261 872 306 perverse
891 263 965 306 uppre-

41 330 106 372 tendo
126 327 253 379 ceciderat,
287 327 309 369 in
328 333 391 369 reatu
412 328 512 370 oriminis
536 329 575 371 sui
590 327 656 384 longe
673 330 721 372 Deo
745 331 852 387 imperem
870 342 893 371 se
916 338 964 379 ¹esse

39 420 167 463 cognoscens
183 407 272 450 clamet:
302 409 397 451 Domine
416 409 462 465 quis
479 410 555 453 similis
574 408 647 453 tibi?“
681 408 759 452 XXIX.
782 410 817 452 18.
848 411 896 464 „Ex
915 410 964 453 Into

36 489 99 530 homo
118 489 216 531 conditus
231 511 262 521 -·
280 490 370 533 elatione
385 490 455 532 cordis
469 490 625 545 intumescens,
646 491 705 547 quod
720 491 746 533 de
764 489 845 533 infimis
858 489 965 534 formatus

36 576 97 622 esset,
113 569 194 611 oblitus
209 577 247 613 est.
265 593 294 603 -
310 594 338 605 σ-
360 566 472 630 (Terram)
487 584 535 613 esse
553 586 575 614 se
591 573 727 615 considerare
742 572 854 615 humiliter
870 573 962 614 noluit.“

1 684 3 687 v
40 665 75 693 21.
109 651 134 692 In
153 652 254 707 paradiso
274 667 325 712 sano
342 653 424 694 homini
444 653 550 696 diabolus
571 653 676 696 invidens
692 654 814 710 superbiae
834 655 916 696 vulnus
932 654 966 695 in-

32 732 119 788 fli.rit.“
153 733 224 775 XXX.
247 748 267 776 1.
289 735 359 790 „Quia
377 736 491 792 originem
512 735 627 792 perditioni
645 741 730 777 nostrae
747 734 847 792 praebuit
863 734 965 791 superbia

38 813 132 865 diaboii,
155 815 321 858 instrumentum
344 808 592 858 redemtionts'nostrae
616 816 705 858 iuventa
729 823 760 858 est
783 816 891 858 humilitas
915 815 965 858 Dei.

39 895 119 938 Hostis
136 897 215 952 quippe
231 903 310 940 noster
326 910 427 955 magnus
441 897 497 939 inter
513 897 586 938 omnio
600 896 711 949 conditus,
728 890 796 939 rideri
814 910 877 951 supro
893 898 967 938 omnia

38 975 104 1018 rquit
130 975 220 1017 eletos.“
256 977 358 1020 XXXIV.
386 978 424 1020 54.
456 976 541 1030 „Adam
568 976 710 1026 intentionem
738 976 881 1032 persuasionis
907 976 966 1018 iliius

39 1064 100 1099 caute
110 1069 202 1113 pensare
218 1055 325 1111 neglexit5
355 1056 490 1100 diuinitatem
507 1056 589 1112 quippe
604 1070 626 1098 se
641 1056 757 1112 perillum
774 1057 874 1113 accipere
889 1056 966 1096 oredi-

40 1137 81 1188 dit,
100 1142 121 1178 et
140 1136 322 1180 immortalitatem
340 1139 434 1180 arnisit.“
461 1138 563 1181 XXXIII.
581 1138 617 1181 45.
636 1138 774 1192 „Devorator
791 1137 879 1179 humani
894 1148 966 1192 gene—

40 1219 69 1259 ris
82 1219 136 1259 dnm
153 1231 177 1259 se
192 1217 334 1260 diuinitatem
348 1219 432 1262 homini
447 1220 536 1262 addere
553 1220 680 1276 spopondit,
695 1218 875 1261 immortalitatem
890 1223 966 1259 sustu-

40 1298 71 1340 lit.
103 1299 150 1356 ραι·
160 1300 370 1353 praeuaricationis
389 1314 476 1356 quoque
491 1300 597 1356 ouiprum,
617 1301 771 1357 quamprimo
787 1298 872 1340 homini
884 1299 966 1355 propi-

38 1380 101 1421 nnoit
110 1409 117 1430 ,
147 1379 199 1419 dum
215 1392 237 1419 se
253 1379 395 1433 sequentibus
416 1380 506 1434 pessima
522 1380 660 1435 persuasione
679 1380 822 1436 multiplicat,
838 1393 917 1435 poenas
935 1379 966 1419 eis

39 1461 84 1502 sine
101 1461 219 1501 cessatione
237 1462 371 1501 coacervat.“
405 1461 429 1501 In
452 1460 570 1516 Evangelia
593 1461 651 1502 hom.
668 1454 739 1503 XXV.
761 1458 778 1517 ᾗ,
796 1461 818 1502 8.
845 1457 966 1512 „Antiquos

40 1540 106 1582 hostis
123 1553 191 1594 qutun
212 1538 323 1579 robustum
343 1552 379 1580 cor
398 1540 519 1595 irrumpere
537 1555 581 1582 non
596 1542 663 1593 valet,
685 1541 809 1595 subjunctas
831 1540 851 1580 ei
870 1538 966 1580 infirmas

42 1634 144 1676 personas
159 1619 255 1674 quaerit,
289 1626 311 1661 et
331 1620 389 1674 quasi
408 1625 482 1661 eontra
498 1621 541 1661 alta
556 1622 639 1661 moenia
658 1620 722 1662 scolis
741 1619 842 1675 appositis
862 1619 964 1661 aseendit.

42 1702 76 1743 Sie
94 1700 172 1743 Adam
186 1712 232 1755 per
250 1695 394 1751 sztbptruetam
416 1701 534 1748 mulierem
552 1701 645 1756 decepit.
665 1721 696 1731 -
714 1721 742 1730 --
773 1700 832 1753 Quia
852 1701 966 1757 originem

37 1781 174 1839 perditionis
189 1785 273 1821 nostrae
288 1792 311 1819 se
320 1778 428 1841 praebuit
446 1780 556 1836 superbiet
570 1780 666 1832 dioboli,
690 1779 858 1822 instrumentum
875 1782 966 1821 redem—

40 1862 102 1905 tionis
121 1866 209 1904 uostrae
232 1860 321 1904 inventa
342 1866 373 1901 est
391 1860 502 1902 humilitas
519 1861 570 1903 Dei.
605 1860 679 1903 Hostis
704 1862 781 1916 qnippe
812 1866 884 1901 noster
907 1860 966 1901 inter

43 1943 114 1985 omnia
130 1941 242 2003 emolitus,
269 1940 340 1984 videri
356 1954 422 1996 super
440 1942 510 1983 onmia
527 1941 597 1986 voluit
617 1942 707 1984 elatus.“
740 1940 788 1983 Lib.
806 1939 838 1982 V..
855 1940 913 1994 epist.
931 1941 966 1982 18.

43 2021 182 2076 „Conditoris
202 2021 234 2062 sui
252 2020 355 2062 mandata
377 2022 547 2075 transgrediens,
579 2028 637 2063 tanto
659 2021 746 2075 gravius
770 2020 851 2061 corruit
876 2018 966 2076 (homo),

42 2111 121 2160 quanto
142 2107 257 2157 antequam
278 2101 375 2154 caderet,
398 2101 463 2143 altius
481 2103 562 2144 stetit.“
592 2101 683 2156 Explan.
702 2101 768 2156 quinti
784 2099 865 2142 Psalmi
884 2102 965 2157 poenit.

42 2185 59 2243 p.
77 2198 110 2240 17·
136 2182 225 2238 „Homo
242 2183 262 2224 in
279 2183 323 2225 Dei
340 2181 416 2224 furiem
436 2189 494 2237 terga
510 2183 578 2234 dedit,
596 2196 661 2237 quum
679 2181 813 2238 superbiens
832 2177 966 2235 ejusjusso

42 2267 179 2311 oontemsil.“
208 2265 262 2320 Reg.
281 2271 334 2319 pest.
350 2270 411 2318 parte
430 2264 451 2305 5.
468 2279 513 2319 cap.
530 2265 569 2304 28.
591 2268 593 2272 ’

107 2347 212 2389 Ceterum
227 2343 307 2385 dioboli
324 2342 363 2384 sub
381 2356 434 2386 voce
448 2343 552 2397 serpentis
568 2355 632 2396 saepe
644 2337 726 2382 mentio
740 2338 763 2382 fit
778 2340 798 2382 in
810 2340 965 2396 seriptisGre-

43 2430 101 2484 gorii,
139 2428 254 2482 Antiquos
277 2436 386 2479 serpens,
416 2422 533 2464 seeundum
553 2420 619 2478 Apoo.
639 2435 680 2475 20,
707 2435 736 2474 1.,
763 2423 886 2464 nominatur
907 2419 964 2461 Mor.

45 2510 117 2554 XVIII.
137 2510 174 2564 [37.
195 2504 295 2550 XXXIII.
311 2504 347 2557 57.
375 2502 424 2546 tuto
438 2502 485 2545 Ioco
501 2517 601 2560 serpens,
623 2502 721 2544 diabolus
736 2500 812 2544 fallens
829 2502 907 2542 diserte
922 2514 965 2556 up—

48 2588 141 2644 psltutur.
173 2588 232 2644 „Qui
249 2600 287 2629 ore
306 2583 511 2641 diabolisulleutts
527 2585 651 2637 audierunt,
677 2582 745 2625 Eritis
760 2583 814 2624 sicut
829 2579 881 2634 Dii,
911 2580 963 2637 quia
