1999 2998
441 72 571 137 Α..

44 189 138 232 Canium
153 187 331 245 ecclesiasticum,
349 190 386 249 qni
403 191 473 237 adhuc
489 192 570 234 clamor
586 189 709 234 inconditus
725 185 810 242 fuerat,
830 188 858 230 ad
877 193 967 235 musices

42 270 127 328 regulas
142 273 258 325 revocarit,
277 279 389 315 cantorum
406 273 500 315 scliolam
516 274 621 328 condidit,
641 275 731 331 ipseque
746 271 769 314 in
789 276 864 313 cantus
880 271 968 315 institu-

42 354 101 397 tione
118 355 243 410 magistrum
261 369 284 397 se
302 356 409 413 praebuit.
445 355 528 397 Eodem
552 356 633 397 loanne
649 339 747 397 Diacoiro
769 360 859 396 auctore
880 354 903 396 in
924 356 967 398 vita

42 435 143 491 Gregorii
160 436 185 479 ΙΙ.
202 437 222 479 ὃ.
240 451 279 479 suo
297 436 495 490 adhuc-tempore,
517 435 530 476 i.
547 440 574 475 e(
586 441 679 477 exeunte
697 450 753 477 nono
769 436 864 490 saeculo,
882 437 968 495 „lectus

41 517 97 572 ejus,
113 518 191 575 inquo
208 516 315 559 recubans
330 514 463 569 modulatus,
483 522 504 558 et
518 515 627 570 flagellum
647 516 718 571 ipsius,
740 531 783 572 quo
798 519 872 572 pueris
892 503 966 562 iniria-

39 604 74 640 tus
91 605 145 651 erat,
160 610 209 638 cum
224 596 349 638 authentico
362 596 512 652 antiphonario
526 596 666 641 veneratione
681 610 772 652 congrua
788 598 964 644 reservabatur«

40 676 117 733 Quid?
136 678 194 735 quod
210 677 285 720 cantus
301 676 449 734 Gregoriauus
464 679 573 735 hodieque
589 677 654 733 viget,
673 682 694 719 et
710 676 784 732 hymni
799 661 963 740 eliquamus

39 759 160 816 Gregorius
175 750 302 815 composuit,
319 759 390 801 adhuc
406 759 428 800 in
444 772 484 800 usu
500 766 556 801 sunt.
572 756 595 813 5')
637 799 639 804 .

99 840 124 880 In
139 844 186 880 toto
203 839 259 881 vitae
277 838 353 881 habitu
371 854 476 912 summam
491 840 627 884 severitatem
643 852 695 895 prae
712 853 734 881 se
745 836 870 896 ferebat,
863 858 886 885 m
901 846 961 888 omni

10 909 12 913 y
38 920 96 964 rictu
111 921 225 976 cultuque·
223 919 366 975 modestiae,
383 901 540 978 temperantiae
560 920 699 975 omniumque
714 921 817 964 virtutum
836 928 961 982 exemplum

37 1001 184 1058 proponebat,
206 1001 324 1044 Simoniam
345 1004 450 1045 acerrime
469 1003 567 1057 notabat,
587 1009 609 1045 et
627 1014 711 1049 morum
726 1003 857 1058 probitatem
874 1022 886 1047 a
902 1009 960 1051 clero

36 1083 143 1139 exigebat.
175 1082 230 1125 Cum
245 1082 327 1126 clericis
342 1092 364 1129 et
381 1085 492 1129 monachis
508 1083 643 1141 quibusdam,
659 1096 712 1139 quos
724 1083 848 1128 sibisocios
860 1093 882 1129 et
898 1101 961 1132 com-

36 1166 193 1177 ——au-fi—

100 1220 171 1263 dorent.
198 1228 275 1276 lnsupcr
288 1227 401 1275 congregatis
413 1227 522 1264 clericorum
537 1226 619 1272 catervis,
632 1227 725 1275 praecepit
737 1226 817 1274 psallere
829 1228 958 1273 pertriduum.

22 1334 26 1342 ,
99 1293 181 1349 Hor'o
173 1294 240 1348 igitur
252 1296 317 1335 tertio
331 1298 404 1345 (nostro
417 1309 469 1334 more
481 1297 539 1344 nona)
552 1294 662 1333 veniebant
675 1308 744 1350 ornnes
756 1294 814 1334 ctiori
821 1297 925 1348 perilleut'
916 1314 959 1339 turra

98 1364 128 1404 od
139 1365 263 1436 ecclesiam,
270 1367 385 1406 ordinantes
395 1380 460 1420 perp
462 1366 535 1413 litteris,
551 1364 618 1419 Kyrie
633 1347 715 1404 eleison.
739 1368 791 1403 Haec
804 1368 853 1404 Grec
841 1371 903 1417 goiim
916 1374 957 1410 Tu-

85 1441 182 1481 'romensis
195 1430 302 1489 episcopus,
330 1440 393 1476 exsui
406 1438 478 1475 diaconi
492 1439 522 1487 qni
536 1445 579 1474 tunc
592 1439 663 1474 Romae
678 1444 717 1474 crat
732 1438 782 1473 haud
798 1437 853 1476 dubia
865 1441 958 1481 relatione

6 1509 8 1513 ’
43 1507 53 1537 (Ψ
81 1509 198 1570 'mernoriae
211 1510 299 1559 prodidit,
312 1510 342 1547 cui
355 1510 462 1558 subscripsit
475 1510 542 1546 Paulus
555 1508 654 1545 Diaconos.
682 1509 761 1544 loannes
775 1509 925 1550 Diaconusvero
939 1521 959 1553 et

97 1568 137 1615 alii·
141 1565 180 1616 rioir
193 1592 258 1628 parurn
270 1582 374 1629 discrepant
391 1580 413 1616 ab
432 1580 471 1616 illis
487 1579 609 1627 scriptoribus
624 1579 663 1615 sive
678 1577 699 1613 in
710 1578 824 1614 recensendo
836 1592 957 1628 personarum

56 1650 57 1653 ’
95 1636 173 1696 ordine,
194 1651 232 1689 sive
245 1651 323 1699 inassig
314 1649 389 1687 rnandis
402 1649 487 1687 basilicis
513 1638 651 1688 NamJoanues
665 1647 850 1697 Diaconnsassignat
862 1665 896 1700 pro
909 1656 956 1694 lita.

92 1720 125 1754 nia
140 1720 251 1758 clericorum
264 1722 360 1758 ecclesiam
373 1724 393 1761 S.
406 1721 487 1767 loannis,
501 1721 628 1767 consentitque
642 1719 704 1755 charta
718 1719 741 1754 de
753 1719 832 1764 litaniis,
846 1734 893 1769 qnae
905 1737 955 1763 nunc

32 1808 34 1812 ·
95 1789 162 1837 legitur
175 1789 195 1824 in
208 1790 310 1837 appendice
324 1792 443 1836 epistolarum
448 1805 454 1837 3
465 1789 567 1837 ‘Gregorius
581 1788 695 1824 Turonensis
708 1801 757 1832 uere,
772 1788 864 1838 basilicam
879 1801 954 1830 sancto-

94 1848 136 1899 rum
149 1857 229 1898 Gosmae
240 1866 259 1895 et
271 1859 362 1896 Darniani.
387 1857 432 1897 Hoc
448 1865 518 1897 tumen
536 1854 647 1894 dissidium
665 1854 759 1907 componi
774 1862 843 1907 potest
860 1858 879 1896 si
893 1859 954 1901 <lieri-

65 1947 67 1953 v
94 1941 140 1967 naris
157 1942 197 1968 nori
213 1926 279 1967 semet
295 1926 385 1967 indictus
397 1926 469 1981 fnisse
485 1925 647 1980 supplicationes
665 1925 726 1973 illos3
752 1932 772 1963 et
790 1925 812 1964 io
826 1925 955 1981 triconidem

30 1993 31 1996 ¹
94 2007 200 2039 servotum
215 1998 309 2038 ordinem
325 2012 339 2036 o
362 1998 463 2051 Gregorio
483 1997 598 2037 Turonensi
616 1995 705 2036 relatam
710 2025 716 2043 ‚
741 1995 763 2034 iri
777 1995 826 2035 ciliis
840 1998 930 2040 (alterurn
942 2017 954 2041 a

93 2069 173 2110 Joarine
191 2069 334 2124 assignatam,-
360 2072 410 2120 quod
424 2085 446 2108 ex
463 2072 560 2109 ritualibus
578 2071 631 2107 libris
648 2076 709 2119 potest
726 2070 839 2115 confirmari,
864 2072 879 2108 si
896 2075 950 2109 emim

64 2159 67 2163 ⁴
87 2143 195 2195 ,Annalium
208 2144 382 2179 Ecclcsiasticorum
395 2143 467 2190 parenti
479 2142 524 2179 fides
538 2143 568 2179 sit.
595 2138 687 2184 Habeat,
700 2140 761 2187 iuquit
773 2142 867 2188 Batonius,
881 2140 949 2180 ritum-

92 2208 121 2247 les
133 2207 189 2254 libri,
204 2209 284 2248 ultimis
296 2197 378 2248 litooir's
391 2222 433 2247 esse
443 2206 606 2260 processnoiocl
616 2206 725 2246 basilicarii
733 2206 878 2258 Apostolorum
885 2212 949 2261 priri-

70 2287 72 2291 “
93 2279 157 2331 cpite,
179 2286 240 2333 sitque
258 2279 283 2332 ab
299 2278 399 2332 Gregorio
411 2285 506 2318 arrectam
523 2276 638 2330 inrogioem
651 2275 759 2331 Derporue
775 2290 852 2330 inagna
865 2269 949 2323 vertera·

93 2349 148 2388 tione
161 2345 272 2390 ctela'tomf‘
285 2358 320 2389 cet.

20 2408 21 2411 Ἰ
54 2422 74 2472 5)
94 2424 122 2459 Dc
138 2416 458 2478 cantnjeccleriastim‘Gregoriano
472 2430 500 2461 est
512 2421 643 2461 conferendus:
669 2420 950 2471 Archiiologisclr-liturgisclrcs

91 2492 191 2530 Lelrrbncli
203 2492 235 2528 des
249 2484 416 2543 Gregorianiscbeu
428 2493 596 2543 Kircliengesanges
614 2495 647 2531 mit
663 2493 789 2541 voraiigliclier
800 2489 903 2530 Riicksicht
918 2497 952 2534 anf

92 2564 122 2600 dic
134 2563 257 2608 Rdnrisclren,
273 2547 425 2608 liliinstersclren,
442 2564 481 2598 und
499 2564 575 2601 Erzstift
590 2565 703 2602 Kb'lnisclien
721 2562 951 2612 Kircliengesangsweisen

28 2638 30 2640 ’
91 2647 127 2672 rou
142 2631 217 2686 Josepb
229 2632 324 2685 Aritooy,
346 2632 449 2680 Professor,
469 2635 508 2672 und
526 2635 657 2673 Chordirertor
672 2646 695 2669 au
711 2633 744 2670 der
759 2633 949 2676 Galliedral-Kirche

91 2719 114 2742 zu
128 2705 219 2743 Miinstcr.
243 2704 328 2751 b‘liinstcr
342 2707 395 2752 1829.

660 2775 678 2818 C
