1999 2998
506 77 537 121 22

35 195 94 227 ”²²³
122 195 220 253 *Petimus
232 195 293 240 lueres
308 197 379 238 'exstat
392 190 414 233 in
428 189 465 233 libs
474 191 501 237 V·
518 192 579 250 epist.
596 194 631 236 18.
647 192 724 237 Joanni
736 208 753 237 :a
773 193 884 252 Gregorio
898 200 984 258 scripta,

64 279 192 339 „Numquid
207 270 260 325 non,'
277 273 332 336 sicut
345 276 415 316 vestra
431 258 565 332 Frateruitas
578 274 649 327 novit,
663 289 710 332 per
724 278 871 321 venerandum
889 279 985 323 Chalce-

64 357 159 406 donense
174 354 285 399 concilium
300 351 366 410 hujus
382 354 511 411 apostolicae
529 355 585 398 sedis
600 355 716 410 antistites,
726 358 771 399 ⁴cui
789 358 839 401 Deo
855 359 983 417 disponente

64 432 166 491 deservio,
178 433 311 479 universales
326 434 399 479 oblato
414 437 498 481 honore
513 436 584 483 vocati
599 435 664 482 sunt?
694 438 737 482 Sed
752 444 824 481 tamen
844 440 915 483 nullus
932 454 983 483 um-

61 535 125 579 qnam
140 516 183 564 tali}
196 515 303 562 uocabulo
324 518 429 576 appellari
444 519 523 576 uoluit,
547 517 619 562 nullus
628 518 675 583 sibi
690 516 732 562 hoc
746 520 885 583 temerarium
900 535 982 565 nomen

61 603 161 660 arripuit:
180 612 207 642 ne
221 597 239 640 si
255 597 297 641 sibi
312 598 335 642 in
353 599 492 645 Pontificatns
508 600 576 656 gradu
594 599 685 656 gloriam
700 599 853 659 singularitatis
871 602 996 661 arriperet,v

61 684 116 727 hanc
127 677 226 722 omnibus
240 676 346 724 fratribus
359 682 476 739 denegasse
492 682 613 726 visteasurs‘
650 684 651 687 ’

120 761 145 803 In
165 761 284 806 verborum
303 763 388 807 delectu
406 763 590 821 Gregoriushoc
604 761 659 806 'loco
677 759 731 806 non
747 755 917 808 accuratissimus
937 777 984 807 esse

59 844 150 890 videtur.
185 843 235 893 Non
251 844 312 900 enim
329 858 368 901 per
385 844 562 888 Chalcedonensa
581 844 695 887 concilium
719 846 789 889 Leoni
809 847 855 900 M„
880 846 917 902 qni
937 852 983 888 tum

59 926 184 968 cathedram
200 925 323 968 Romanam
342 927 472 984 occupabat,
493 926 530 969 hic
543 926 618 969 titulus
635 932 668 969 est
683 927 780 977 oblatus,
803 927 880 969 sedin
897 925 983 968 concilii

59 1008 144 1049 actione
160 1006 223 1048 tertia
239 1007 302 1050 relati
317 1014 369 1051 sunt
383 1007 471 1063 quidam
490 1006 557 1049 libelli
575 1014 649 1049 contra
665 1007 795 1050 Dioscnrurn
811 1007 912 1049 Romano
926 1020 983 1062 pon-

60 1086 114 1132 tifici
128 1087 224 1141 exhibiti,
240 1088 355 1145 inquibus
371 1074 527 1135 oecumenicus
546 1102 584 1130 seu
601 1088 740 1131 universalis
755 1087 910 1145 appellabatur.
941 1068 983 1130 Vi-

61 1169 140 1211 deatur
155 1168 225 1211 Mansi
244 1169 384 1212 conciliorum
403 1168 535 1212 collectionis
552 1169 580 1212 T.
592 1168 629 1213 VI.
648 1183 670 1225 p.
686 1170 752 1212 1006.
772 1182 839 1212 1012.
857 1169 922 1211 1050.
956 1152 982 1210 ld

59 1250 127 1293 modo
143 1249 306 1293 concedendum
325 1258 368 1303 est>
390 1250 505 1293 concilium
520 1249 648 1300 illudhunc
665 1250 764 1304 titulum,
788 1264 855 1307 quum
874 1248 943 1292 libelii
960 1249 983 1291 in

59 1329 152 1373 concilio
167 1329 218 1373 lecti
234 1329 335 1384 fuissent,
351 1345 394 1373 non
413 1329 546 1387 reprobasse.
578 1330 681 1373 Ueterum
694 1332 737 1388 jam
752 1316 878 1388 Olympiuap
897 1315 983 1387 cpisco-

58 1426 100 1469 pus
114 1410 238 1461 branensis,
251 1410 382 1452 Dioscurum
398 1411 476 1467 ipsum,
494 1409 571 1467 Cyrilli
588 1408 729 1471 Alexandrini
744 1424 896 1465 successorem,
910 1412 933 1454 in
948 1412 983 1456 la·

61 1493 154 1536 trooinic
173 1492 210 1533 illo
227 1491 340 1547 Ephesiae
354 1504 373 1532 a.
390 1491 443 1553 449.
459 1491 501 1534 hoe
516 1491 580 1546 titulo
596 1498 716 1546 orrrauerat.

124 1571 245 1616 Secundus
265 1572 328 1614 locus
344 1576 414 1615 exstat
431 1572 453 1614 in
471 1572 567 1629 ejusdem
586 1572 636 1616 libri
657 1574 718 1630 epist.
734 1586 770 1615 ao.
787 1571 893 1617 Mauricio
905 1569 982 1629 Augu-

60 1662 123 1698 stoa
140 1652 247 1707 Gregorio
264 1652 350 1710 scripta.

121 1734 180 1787 „Pro
197 1732 254 1775 beati
272 1733 333 1776 Petri
354 1734 501 1790 apostolorum
522 1734 625 1792 principis
647 1734 742 1789 honore,
766 1748 813 1792 per
836 1735 982 1780 venerandam

59 1815 257 1860 chalcedonensem
273 1814 380 1869 synodum
395 1814 495 1857 Romano
512 1813 623 1871 pontifici“
639 1811 727 1873 (nomen
741 1815 835 1872 episcopi
847 1813 981 1872 universalis)

61 1898 172 1953 „oblatum
189 1899 227 1936 est.
262 1895 307 1937 Sed
323 1894 396 1936 nullus
413 1909 488 1937 corum
506 1909 609 1952 umquam
622 1896 664 1938 hoc
677 1895 830 1949 singularitatis
846 1894 934 1937 nomine
949 1897 981 1938 uti

61 1976 180 2030 consensit,
204 1987 233 2016 ne
257 1975 308 2017 dum
324 1974 432 2030 privatum
448 1975 528 2034 aliquid
545 1976 633 2018 daretur
650 1977 697 2028 uni,
718 1975 801 2017 honore
820 1975 893 2019 debito
908 1989 982 2023 secere

60 2061 122 2103 dotes
135 2057 274 2114 privarentur
289 2056 414 2099 retituet-ste
430 2037 432 2041 v

124 2139 171 2183 Nec
186 2138 228 2180 hoc
245 2136 293 2178 loco
309 2136 429 2191 Gregorius
445 2144 518 2181 noster
533 2137 582 2180 crisi
597 2132 698 2198 historica
716 2137 788 2178 utitor.
818 2136 897 2179 Melius
912 2138 981 2181 dixis-

59 2231 101 2276 set,
115 2222 138 2263 in
152 2218 277 2263 universalis
294 2217 476 2261 Chalcedonensis
490 2218 567 2273 synodi
584 2218 669 2261 actione
683 2219 750 2261 tertia,
765 2219 794 2260 in
805 2217 886 2273 aliquot
903 2217 981 2261 libellis

59 2305 120 2347 titulo
143 2302 180 2344 illo
201 2300 301 2344 Leonem
324 2306 423 2341 ornatum
442 2312 504 2358 εεεθ,7
526 2299 565 2342 sed
584 2282 709 2356 pontificem
730 2298 788 2341 hunc
809 2297 846 2342 illo
865 2297 935 2356 titulo¹
948 2299 981 2342 uti

62 2385 158 2427 noluisse.

121 2466 203 2519 Eadem
227 2462 295 2506 habet
314 2460 396 2505 tertius
417 2460 480 2503 locus
498 2457 521 2502 in
535 2458 595 2517 epist.
613 2459 650 2502 41.
669 2458 706 2503 lib.
724 2459 750 2505 V.
767 2459 866 2518 Eulogio‚
881 2461 981 2517 episcopo

65 2540 211 2597 Alexandrino,
230 2551 252 2588 et
270 2542 389 2597 Anastasio,
404 2541 504 2599 episcopo
520 2539 663 2594 Antiocheno,
680 2541 735 2584 data.
766 2543 842 2596 „Sicut
853 2542 981 2586 ,veneranda

65 2622 119 2665 mihi
133 2627 201 2662 uestra
215 2627 312 2669 sanctitas
329 2625 396 2677 novit,
419 2631 466 2681 per
481 2628 574 2666 sanctam
591 2621 789 2665 Chalcedonensem
805 2621 910 2677 synodum
925 2636 980 2678 pon-

64 2701 117 2745 tifici
133 2699 188 2743 sedis
205 2706 340 2760 apostolicae,
364 2705 400 2750 cui
420 2705 469 2748 Deo
486 2705 612 2763 disponente
628 2704 736 2757 deservio,
765 2702 806 2746 boc
826 2703 980 2751 traicersr'tatis
