1999 2998
474 102 503 146 11

33 218 138 279 pontilicis
157 221 184 264 de
197 221 357 279 quaestionibus
371 220 413 265 iliis
427 222 563 277 gravissimis,
580 233 636 278 quae
649 220 707 265 inter
722 221 878 265 controversias
891 223 960 280 Pela:

33 304 106 360 gianas
124 311 146 346 et
162 303 341 359 semipelagianas
358 304 450 361 agitatae
465 311 522 356 sunt,
540 303 659 359 inquirere,
684 309 706 347 et
725 317 753 346 ex
769 304 816 361 ejus
831 305 917 361 scriptis
931 320 956 347 ea

33 392 145 438 excutere,
168 398 223 441 quae
240 386 266 426 ad
283 386 401 427 doctrinam
419 385 475 438 ejus,
502 383 650 438 quaestionum
668 384 752 428 illarum
770 386 856 428 ratione
872 387 957 440 habito,

34 466 200 510 adumbrandam
217 464 305 515 iaciunt,
323 478 358 506 res
374 477 421 505 esse
435 463 531 512 videtur,
550 475 605 517 quae
621 459 693 506 fructu
709 474 731 507 et
745 466 838 510 utilitate
854 483 893 510 sua
910 483 954 511 non

34 547 132 602 caritura,
148 551 213 601 atque
228 544 283 585 adeo
296 545 411 601 scriptione
427 543 549 586 academica
566 556 609 583 non
623 542 709 600 indigna
719 548 751 591 sit.
783 547 880 590 Historia
897 551 954 591 enirn

34 630 158 685 dogmatum
175 633 221 668 tum
238 625 325 666 demum
343 620 384 667 rite
402 625 508 667 conscribi
529 639 555 666 ae
571 623 635 666 condi
655 628 744 680 poterit,
769 642 836 685 quum
857 629 955 685 singulae

34 723 69 751 res
84 708 111 750 ad
126 721 173 749 eam
190 706 322 763 pertinentes
338 705 360 748 in
377 705 468 748 clariore
482 706 530 748 luce
547 704 628 762 positae
644 701 733 748 fuerint.

93 790 137 831 Sed
158 795 182 829 ut
214 787 281 828 oratio
310 786 386 827 ordine
413 792 435 829 et
456 786 540 830 ratione
561 786 654 841 quadam
673 788 785 842 procedat,
815 805 900 835 omnem
925 794 960 848 de

34 872 75 911 hac
88 866 112 909 re
126 849 289 924 disputationem
304 867 333 907 ita
349 865 470 919 absolvam,
489 874 513 909 ut
523 867 624 923 primam
640 867 667 908 de
683 867 738 920 vita,
756 870 837 915 deinde
854 875 881 917 de
897 889 954 933 ope-

34 949 100 1003 ribus,
116 950 212 1007 deaiqce
227 948 254 990 de
271 948 367 992 doctrina
384 946 486 1003 Gregorii
504 946 678 1003 anthropologiae
693 963 806 1007 exponam.

413 1090 570 1102 ψ

313 1201 456 1258 GAPUT
489 1201 676 1258 PRIMUM.

108 1334 226 1393 Vitae
245 1332 441 1405 areperti
457 1331 594 1393 buccis
615 1315 884 1397 odasmhratio.

464 1486 482 1544 s·
501 1493 522 1534 1·

100 1598 186 1650 Fontes,
203 1608 215 1637 e
234 1593 311 1651 quibus
326 1593 370 1637 vita
383 1592 423 1637 viri
438 1592 520 1634 hauriri
538 1597 619 1648 potest,
637 1598 686 1634 sunt
704 1591 805 1647 Gregorii
821 1593 887 1650 ipsius
900 1598 956 1640 seri-

35 1685 83 1734 pta,
113 1679 206 1719 maxime
221 1675 337 1732 epistolae,
373 1673 493 1730 dequibus
513 1672 570 1715 infra
586 1678 668 1728 agetur.
697 1671 810 1716 Accedunt
829 1690 884 1731 quae
898 1679 955 1733 apud

35 1758 164 1814 Gregorium
181 1756 344 1808 Turonensem,
367 1755 480 1809 aequalem
496 1761 518 1796 et
530 1752 658 1794 familiarem
674 1752 726 1807 ejus,
747 1754 865 1797 identidem
877 1757 954 1812 dispu-

34 1845 112 1881 tantur.
146 1836 195 1879 Vita
213 1834 270 1889 ejus,
292 1841 315 1876 ut
337 1846 454 1888 anonymos
473 1833 577 1889 quosdam
595 1833 804 1887 praetermittamus,
829 1836 856 1876 de
876 1838 955 1892 quibus

35 1903 177 1963 conferendus
197 1921 229 1958 est
248 1914 266 1955 J.
285 1911 308 1956 A.
326 1913 438 1956 Fabricius
463 1913 485 1954 in
503 1896 554 1954 bibi.
578 1912 662 1954 mediae
683 1920 706 1955 et
724 1912 812 1955 infimae
832 1915 956 1961 Latinitatis

35 2002 74 2043 sub
91 2012 143 2043 voce
162 1997 291 2056 Gregorius
307 1995 338 2048 1.,
361 1995 403 2049 jam
422 2009 435 2035 a
451 1993 527 2036 Paule
544 1994 646 2036 Diaeeno
665 2000 741 2038 octavo
761 1995 846 2039 saeculo
863 2007 956 2042 exeunte

37 2081 142 2133 descripta
167 2085 205 2120 est.
249 2076 296 2120 Alia
315 2077 360 2120 vita
379 2081 448 2117 exstat
470 2089 482 2117 a
503 2074 594 2118 Joaaae
613 2075 716 2119 Diacono
736 2077 855 2131 Romano,
879 2094 956 2122 mona-

34 2159 92 2202 sterii
110 2156 230 2200 Casineusis
250 2156 348 2209 alumno,
372 2157 458 2199 saeculo
480 2170 538 2198 nono
559 2162 663 2207 exeunte,
689 2156 776 2198 hortatu
795 2157 882 2201 loannis
898 2159 952 2202 Vill.

36 2238 133 2284 confecta
150 2244 172 2281 et
191 2236 218 2278 ab
234 2235 309 2276 eodem
325 2242 398 2290 postea
414 2233 559 2289 comprobata.
592 2233 684 2277 ioannes
697 2237 809 2279 Diaconos
827 2240 897 2280 omnia
914 2253 954 2289 ve-¹

35 2331 80 2365 tera
94 2324 233 2361 monumenta
246 2318 376 2372 inspexerat,
391 2322 412 2358 et
420 2327 553 2356 summorum
567 2312 691 2370 pontificum
707 2318 820 2373 catalogos,
837 2326 889 2371 acta,
904 2320 955 2363 dia—

36 2405 67 2445 ria
84 2400 197 2443 evolverat.
228 2399 326 2453 Utraque
344 2398 386 2440 vito
406 2396 464 2451 typis
483 2396 589 2452 descripta
606 2404 637 2440 est
651 2397 673 2439 in
692 2399 785 2441 editione
798 2400 955 2444 Benedictine-

36 2499 83 2527 rum
98 2483 194 2539 Operum
213 2477 313 2531 Gregorii
330 2477 361 2518 M.
378 2476 450 2517 Temo
465 2476 501 2519 IV.
533 2476 566 2519 Ab
585 2477 618 2519 his
638 2478 688 2535 ipsis
707 2479 850 2521 benedictinis
870 2482 964 2542 prolixa·

35 2568 77 2609 vita
94 2560 193 2619 Gregorii
211 2571 238 2600 ex
251 2557 346 2612 ejusdem
360 2555 443 2612 scriptis
459 2557 586 2600 concinnata
603 2565 634 2601 est
650 2559 672 2600 in
688 2560 762 2601 eodem
777 2567 843 2602 tomo.
868 2561 953 2606 eonte-

35 2646 96 2687 rendi
106 2650 155 2686 sunt
164 2640 237 2684 aetatis
246 2645 330 2682 nostrae
344 2635 456 2693 scriptores
472 2636 619 2681 ecclesiastici:
634 2638 774 2693 Mosiremius,
788 2642 955 2697 Schroeckhius,

37 2725 171 2776 Gieselerus‚
187 2722 300 2772 Neauder,
320 2718 385 2762 ceteri
406 2716 429 2758 in
448 2715 509 2759 libris
529 2717 646 2765 notissimis.
678 2720 714 2763 De
737 2722 836 2768 doctriua
855 2725 955 2781 Gregorii

655 2802 701 2844 Ba
