1999 2998
479 79 510 120 ⁴10

432 131 559 141 Μ

30 193 138 237 custodiri
152 197 192 232 eet.
221 190 304 232 Eadem
315 188 433 245 Gregorius
448 192 476 233 ad
492 193 582 236 verbum
595 196 674 251 repetit
685 198 706 239 in
722 196 810 254 epistola
821 195 858 247 lo.
868 195 957 248 tinxi,

30 288 70 332 per
89 285 153 330 qnam
174 270 234 314 isacii
256 270 351 328 episcopi
368 271 561 329 ierosolymitanae
581 276 697 330 synodicae
717 278 817 336 epistolae
836 278 957 333 respondet.

467 393 485 453 o.
502 397 522 439 s.

92 478 162 522 Liber·
176 481 375 520 sacramentorum
397 492 409 520 a
425 477 526 533 Gregorii
544 477 700 530 decessoribus,
721 479 814 522 manime
832 478 919 521 Gelasio
934 477 957 530 l.,

31 563 157 613 inchoatus,
183 572 195 599 a
211 556 319 613 Gregorio
339 565 411 601 autern
431 557 540 602 correctus
558 565 579 600 et
593 564 668 601 auctus
685 558 752 612 (conf.
767 561 853 604 ioannis
867 559 959 603 Diaconi

32 644 76 688 uita
97 638 200 696 Gregorii
216 638 253 681 lib.
269 639 294 682 ΙΙ.
309 653 356 696 cap.
375 637 418 698 17.)
432 639 520 682 exhibet
539 640 594 684 ritus
615 646 637 683 et
658 636 763 682 formulas
781 655 960 698 quarumcunque

33 725 153 767 missarum.
198 720 404 764 Sacramentornm
424 734 477 764 uoce
494 720 531 765 hie
551 723 619 765 solum
639 722 781 765 eucharistiae
799 729 957 765 sacramentum

31 804 166 867 intelligitur,
182 803 241 859 quod
255 801 333 859 plurali
345 815 436 844 numero
452 802 473 845 in
489 805 577 861 siugulis
591 802 638 847 fere
656 805 724 847 missis
742 804 877 853 celebratur,
891 817 958 860 quum

32 896 123 946 propter
137 884 247 941 duplicem
261 885 323 940 panis
341 890 363 926 et
380 884 423 927 uini
440 886 558 938 materiam,
575 879 620 927 tum
637 893 727 941 propter
742 899 819 941 corpus
835 891 856 927 et
870 885 958 940 sangni-

32 982 83 1012 nem
99 966 193 1019 Christi,
219 979 275 1021 quae
297 965 356 1007 illam
380 965 490 1008 continere
511 965 609 1009 catholici
627 965 748 1022 perhibent.
782 963 866 1007 Videsis
884 972 957 1008 notam

33 1066 49 1095 α
66 1045 258 1093 Benedicttnorum
279 1039 307 1087 ad
328 1045 388 1088 huuc
410 1046 495 1089 librum.
530 1045 564 1090 Au
585 1047 604 1089 is
622 1047 649 1089 ad
668 1059 707 1089 nos
727 1045 860 1103 pervenerit,
889 1046 957 1103 qualis

33 1133 105 1175 editus
119 1135 212 1171 exstaret
228 1142 241 1169 a
254 1127 370 1184 Gregorio,
388 1127 410 1168 in
428 1126 582 1170 dubitationem
602 1128 665 1181 cadit,
681 1135 704 1171 et
721 1128 804 1170 ratione
820 1127 888 1171 multo
904 1142 958 1185 pro-

33 1211 134 1257 babiliori
151 1210 176 1251 'id
195 1215 287 1266 negatur
305 1222 369 1266 quarn
392 1205 519 1250 affirmatur.
560 1206 690 1252 Conferatur
709 1208 841 1251 Oelrichsius
857 1210 878 1251 in
896 1223 958 1251 com-

33 1292 144 1338 mentariis
162 1305 184 1346 p.
205 1290 257 1338 414.
293 1290 317 1332 ln
336 1289 448 1345 allegando
468 1290 536 1345 igitur
553 1289 595 1331 hoc
615 1289 671 1332 libro
692 1296 755 1333 caute
769 1289 897 1333 versandum
918 1273 958 1334 est,

33 1372 156 1433 Appendix
175 1376 197 1412 et
215 1371 260 1413 diro
280 1373 439 1427 supplementa
455 1370 511 1412 libro
528 1376 711 1412 sacramentorum
729 1385 741 1412 a
758 1371 903 1414 Benedictiuis
916 1372 958 1413 ad-

33 1458 117 1513 juncta,
142 1450 219 1509 quibus
240 1450 402 1493 benedictiones
423 1449 554 1507 episcopales
574 1447 774 1510 (benedictionale)
789 1451 869 1506 insunt,
889 1467 958 1509 quac-

35 1539 84 1581 daru
99 1534 205 1578 sublestae
221 1530 273 1574 fidei
289 1532 404 1575 continent.

471 1630 490 1689 l·
505 1637 526 1680 9·

91 1700 174 1758 'Liber
189 1712 364 1769 ‹intotonat-tos
378 1726 457 1754 nomeu
474 1714 536 1757 duxit
552 1713 579 1754 ab
595 1714 731 1769 antiphona,
748 1713 790 1755 hoe
805 1721 847 1768 est,
868 1714 957 1761 introitu

33 1800 71 1858 qui
90 1798 173 1841 cantica
195 1795 310 1838 antecedit.
349 1793 398 1837 Hoc
418 1794 475 1835 enim
495 1807 557 1836 seusu
572 1793 689 1850 antiphona
709 1793 744 1850 hic
762 1804 882 1853 usurpatur.
913 1801 957 1842 Sed

34 1884 79 1924 non
98 1878 167 1920 solum
183 1875 334 1931 antiphonam,
356 1876 394 1917 sed
411 1875 475 1918 etiarn
494 1889 568 1917 omnes
589 1881 664 1917 cautus
682 1877 703 1917 in
720 1876 796 1918 missae
812 1877 956 1923 celebratione

34 1961 141 2007 solemnes
156 1954 312 2010 complectitur.
340 1956 389 1998 Nou
407 1957 480 2009 unius,
496 1956 535 1997 sed
548 1956 643 2012 plurium
657 1954 726 1996 fetum
742 1969 788 1997 esse
804 1956 861 1999 hune
876 1958 955 2003 librum

35 2045 139 2099 apparet,
163 2034 298 2090 aGregorio
317 2043 390 2079 autem
409 2049 466 2078 curn
480 2036 606 2078 adornatum
629 2042 651 2078 et
671 2036 783 2088 redactum
806 2049 851 2080 esse
865 2040 956 2085 ioannes

34 2122 145 2168 Diaconus
164 2116 186 2159 in
205 2116 248 2160 uita
263 2115 365 2172 Gregorii
381 2115 417 2159 lib.
431 2117 456 2159 ΙΙ.
473 2131 519 2172 cap.
537 2116 557 2157 6.
577 2116 610 2159 his
626 2116 696 2159 verbis
712 2113 814 2160 affirmat:
837 2119 877 2172 „lu
891 2121 956 2166 domo

33 2200 123 2253 Domini
145 2211 205 2241 more
224 2197 374 2256 sapientissimi
395 2197 525 2251 Salomonis,
550 2203 640 2254 propter
656 2198 750 2239 musicae
769 2202 956 2254 compunctionem

34 2280 163 2333 dulcedinis,
181 2280 365 2338 antiphonarium
381 2285 497 2321 centonem
513 2285 622 2321 cantorum
639 2278 803 2321 studiosissimus
817 2279 880 2323 nimis
896 2284 956 2326 utili-

34 2372 67 2409 ter
83 2361 239 2423 eaiupiIauitf‘

99 2544 166 2586 Liber·
188 2541 331 2602 responsalis
356 2541 400 2583 sire
420 2542 592 2598 aritipironurius
616 2541 689 2596 <sensu
707 2537 815 2597 proprio),
840 2541 955 2596 efficiatis,

34 2624 184 2680 Responsaiis
197 2624 275 2668 dicitur
292 2637 305 2664 a
321 2623 467 2679 responsoriis,
482 2622 656 2680 antiphonarius
665 2620 692 2662 ub
704 2621 831 2676 antiphonis,
847 2624 955 2680 efficiatis

33 2706 60 2750 ab
83 2706 168 2760 integro
192 2701 262 2745 officio
287 2704 441 2759 ecclesiastico,
467 2706 511 2749 sire
534 2701 599 2747 officii
621 2715 684 2747 cursu
701 2708 745 2747 tam
768 2702 854 2759 diurno,
891 2721 954 2763 quam
