1999 2998
421 51 548 115 „lt-a.

20 170 86 213 divini
103 169 174 226 judicii
194 169 299 211 humanae
316 167 395 211 urentis
408 169 482 210 oculus
500 169 619 212 nullatenus
636 176 740 226 penetrat.
764 170 835 234 Nemo
845 185 947 226 perscru-

19 252 62 294 tari
79 257 170 308 appetat,
186 264 226 291 cur
240 264 304 306 quum
317 248 374 291 alius
388 248 508 304 repellitur,
526 251 578 293 alius
595 251 694 307 eligatur,
712 252 744 296 vel
759 266 827 308 quum
842 252 893 293 alius
905 255 949 295 eli-

19 336 91 389 gitur,
107 332 158 373 alius
179 332 317 388 repellatur‚“
359 330 437 373 XXIX.
453 333 491 385 57.
532 333 609 386 „Quod
631 334 712 376 electos
732 335 758 375 ad
776 335 842 375 vitam
863 331 947 387 llagella

20 419 130 465 revocant,
147 419 195 453 eta
215 413 273 454 malis
291 412 374 453 actibus
390 412 493 467 reprobos
513 427 553 455 nec
570 413 654 469 flagella
676 418 824 471 compescunt,
846 415 947 469 omnipo-

17 493 86 538 'teutis
104 494 144 536 Dei
159 493 239 548 judicia
255 505 317 549 stipes
336 506 375 534 nos
390 492 450 534 valde
466 494 556 536 ocoaalta
570 502 619 537 sunt
636 503 659 538 et
677 497 752 553 injusta
769 509 814 537 non
830 501 885 536 sunt.
902 494 946 536 Sed

20 580 38 619 si
56 576 168 618 tendamus
187 574 273 615 oculum
289 574 366 617 mentis
388 573 414 615 ad
430 575 551 630 superiora,
567 575 588 618 in
604 575 645 619 illis
662 579 775 635 aspicimus
796 578 845 633 quia
863 576 889 618 de
903 590 947 617 no-

20 659 56 700 bis
70 657 120 713 quid
140 657 196 711 juste
220 655 318 711 conqueri
340 668 384 695 nou
403 654 514 698 habemus.
546 657 689 714 Omnipotens
705 660 760 700 euim
776 659 839 700 Deus
856 657 946 711 angelo'-

19 755 70 783 runi
89 739 164 781 merita
179 737 313 788 discernens,
333 735 387 778 alios
401 736 423 779 iu
438 743 525 779 aeterna
539 738 585 780 luce
600 739 646 780 sine
669 739 729 795 lapsu
746 751 873 795 permanere
891 751 946 778 con-

19 821 100 873 stituit,
117 819 167 860 alios
186 824 263 873 sponte
281 817 351 874 lapsos
367 833 379 860 a
397 825 452 862 statu
468 833 522 862 suae
539 820 680 872 celsitudinis,
697 822 719 862 iu
736 826 837 863 aeternae
855 819 946 860 damna—

19 902 87 946 tionis
102 900 181 942 ultione
198 900 316 955 prostravit.
343 899 460 943 Nobiscum
474 901 541 956 igitur
557 896 633 954 injuste
651 901 681 942 nil
697 901 746 956 agit,
758 901 795 955 qui
812 907 834 942 et
847 900 946 942 subtilio-

19 998 69 1027 rem
86 981 146 1024 nobis
165 986 265 1021 naturam
282 979 336 1032 juste
351 981 473 1034 judicante
509 981 557 1025 XV.
573 981 607 1022 61.

92 1063 123 1105 Ut
138 1067 296 1115 argumentum,
309 1062 401 1104 consilia
418 1063 488 1104 divina
504 1062 560 1104 ultra
577 1067 663 1119 captum
680 1061 797 1104 humanum
814 1074 869 1114 esse,
892 1060 946 1103 illud

20 1149 43 1189 in
60 1143 178 1200 Pelagiauis
199 1141 348 1205 controversiis
368 1156 431 1198 saepe
448 1143 565 1185 excitatum
586 1143 710 1199 exemplum
734 1143 827 1185 duorum
844 1141 944 1195 liliorum,

22 1241 116 1285 quorum
133 1225 185 1266 alter
200 1223 303 1264 meriatur
316 1228 367 1263 ante
382 1222 496 1278 baptisma,
514 1223 694 1279 alterpostquam
711 1224 838 1280 baptismate
852 1236 946 1278 regene-

20 1316 82 1351 ratus
96 1308 133 1357 sit,
154 1303 293 1356 aGregorio
310 1301 427 1357 profertur.
458 1304 474 1346 A
497 1305 604 1345 nonnullis
620 1306 730 1361 proposita
747 1304 866 1359 explicandi
883 1306 944 1356 ratio,

22 1401 79 1446 quae
97 1401 108 1427 a
124 1386 172 1435 vita,
190 1397 255 1440 quam
272 1389 363 1438 uterque
380 1390 465 1425 acturus
481 1382 569 1436 fuisset,
584 1385 635 1427 siin
653 1386 705 1428 vivis
722 1385 840 1436 mansisset,
858 1386 944 1440 petitur,

21 1467 156 1523 aGregorio
172 1467 251 1517 etiam,
275 1463 429 1519 Augustiniano
443 1479 514 1518 more,
536 1465 664 1522 exploditur.
697 1466 740 1519 „Ut
756 1480 823 1508 unum
843 1479 855 1507 e
875 1467 946 1507 multis

21 1553 105 1606 loquar,
122 1549 164 1589 due
180 1547 208 1588 ad
223 1546 278 1589 hauc
292 1545 363 1587 lucem
379 1547 459 1601 parvuli
477 1548 573 1600 veniunt,
590 1549 627 1590 sed
643 1549 682 1589 uni
698 1548 760 1589 datur
774 1555 799 1589 ut
816 1546 842 1587 ad
856 1547 945 1588 redem-

20 1635 104 1675 tionem
121 1641 159 1684 per
174 1627 281 1682 baptisma
294 1626 382 1678 redeat,
400 1628 453 1669 alter
467 1635 518 1669 ante
534 1628 676 1679 subtrahitur,
701 1642 762 1683 quam
779 1628 839 1669 hunc
852 1640 943 1682 regene-

21 1725 72 1754 rans
90 1709 146 1751 {iuda
168 1705 291 1764 perfundat.
328 1707 358 1749 Et
378 1721 442 1764 saepe
459 1707 556 1750 fidelium
573 1707 627 1750 filius
643 1710 691 1750 sine
708 1707 750 1749 fide
765 1709 860 1765 rapitur,
881 1723 943 1766 saepe

21 1791 143 1835 infidelium
157 1801 260 1831 concesso
275 1786 324 1829 fidei
337 1795 471 1830 sacramento
487 1797 610 1833 renovatur.
627 1791 671 1833 Sed
687 1787 775 1832 tortasse
791 1789 868 1845 aliquis
882 1791 943 1842 dicat,

21 1873 80 1929 quod
97 1872 153 1913 huuc
167 1871 229 1912 Deus
250 1876 344 1913 aelurum
364 1883 429 1925 prave
448 1870 511 1914 etiam
532 1878 580 1928 post
596 1870 701 1928 baptisma
719 1877 808 1922 asserat,
828 1870 943 1911 etidcirco

22 1969 73 1996 eum
88 1953 114 1993 ad
129 1952 260 2007 baptismatis
275 1952 365 2006 gratiam
383 1964 426 1991 uon
444 1953 554 2006 perducat.
571 1953 635 2007 Quod
651 1953 669 1993 si
689 1952 718 1994 ita
733 1958 770 2002 est,
785 1956 874 2006 peccata
890 1964 943 2005 quo-

21 2035 115 2078 rundam
132 2032 285 2088 proculdubio
301 2033 425 2088 priusquam
439 2032 480 2072 sint
495 2039 628 2087 perpetrata,
644 2032 770 2088 puniuntur.
797 2029 827 2071 Et
845 2031 890 2084 quis
905 2031 943 2072 ista

21 2124 82 2159 recte
97 2113 188 2156 sentiens
205 2113 294 2165 dixerit,
311 2112 362 2168 quia
378 2112 511 2166 omnipotens
529 2113 599 2165 Deus,
617 2114 652 2168 qui
671 2110 747 2153 aliosa
764 2113 892 2167 perpetratis
908 2109 943 2152 f-

21 2196 130 2241 cinoribus
145 2195 229 2247 liberat,
248 2195 301 2236 haec
317 2195 338 2235 in
357 2193 403 2234 aliie
419 2193 480 2234 etiam
499 2207 543 2235 non
558 2189 681 2250 perpetrata
694 2189 839 2235 condamnet?
854 2193 943 2235 Occulta

19 2282 94 2333 itaque
109 2282 157 2317 suut
174 2277 219 2329 ejus
237 2276 323 2331 judicia,
345 2281 368 2318 et
387 2280 464 2329 quanta
478 2274 609 2317 obscuritate
629 2279 741 2328 nequeunt
760 2273 864 2330 conspici,
886 2281 942 2315 tauta
976 2274 977 2278 ’

22 2360 105 2400 debent
122 2357 226 2397 venerari.
263 2356 389 2396 Mansuram
403 2361 452 2394 tuae
468 2354 570 2404 notitiae,
590 2367 616 2394 eo
630 2354 678 2407 ipso
695 2366 736 2407 quo
752 2353 884 2398 humanitate
901 2356 943 2395 eir-

22 2435 177 2487 cnmscriberis,
192 2435 271 2490 (opera
287 2431 337 2492 Dei)
352 2435 484 2475 transeunte
516 2433 571 2475 Mor.
589 2433 677 2477 XXVII.
693 2446 717 2487 -7,

94 2518 177 2570 „Nemo
193 2517 304 2567 discutiat,
330 2528 369 2555 cur
385 2521 453 2556 stante
469 2515 559 2556 ludaico
576 2514 653 2570 populo
675 2515 756 2556 dudum
776 2514 798 2555 in
817 2509 942 2553 infidelitate

23 2598 138 2640 Gentilitas
155 2598 232 2651 jacuit,
249 2603 270 2638 et
283 2610 331 2649 cur,
347 2595 376 2637 ad
385 2584 454 2637 *fidem
470 2595 597 2637 Gentilitate
614 2602 727 2648 surgente,
743 2593 855 2635 ludaicum
873 2605 941 2647 popu-

22 2681 66 2722 lum
84 2677 212 2721 infidelitatis
228 2677 290 2734 culpa
306 2677 426 2734 prostravit.
461 2678 530 2720 Nemo
553 2676 661 2730 discutiat,
690 2674 794 2717 aurelius
810 2671 902 2714 trahitur
916 2686 941 2714 cx
